11007436070101007777151130151130200000000000328USDDBBVA BANCOMER PRODUCTOS      
32MEX 2328                                00000000000000                     
3300743607010100777700000000000000000000000000000000000000200000000000328USD
11007436070101007777151127151127200000000000328USDDBBVA BANCOMER PRODUCTOS      
32MEX 2328                                00000000000000                     
3300743607010100777700000000000000000000000000000000000000200000000000328USD
11007436070101007777151126151126200000000000329USD8BBVA BANCOMER PRODUCTOS180   
220074177 151126151126  E62100000000000001          TRASPASO ENTRE CUENTAS      
2301FOLIO: 0092748072             0.16MXP 3762374.0177.01                       
32MEX 2328                                00000000000000                     
3300743607010100777700001000000000000010000000000000000000200000000000328USD
11007436070101007777151125151125200000000000329USDDBBVA BANCOMER PRODUCTOS      
32MEX 2329                                00000000000000                     
3300743607010100777700000000000000000000000000000000000000200000000000329USD
11007436070101007777151124151124200000000000329USDDBBVA BANCOMER PRODUCTOS      
32MEX 2329                                00000000000000                     
3300743607010100777700000000000000000000000000000000000000200000000000329USD
11007436070101007777151123151123200000000000329USDDBBVA BANCOMER PRODUCTOS      
32MEX 2329                                00000000000000                     
3300743607010100777700000000000000000000000000000000000000200000000000329USD
11007436070101007777151120151120200000000000329USDDBBVA BANCOMER PRODUCTOS      
32MEX 2329                                00000000000000                     
3300743607010100777700000000000000000000000000000000000000200000000000329USD
11007436070101007777151119151119200000000000329USDDBBVA BANCOMER PRODUCTOS      
32MEX 2329                                00000000000000                     
3300743607010100777700000000000000000000000000000000000000200000000000329USD
11007436070101007777151118151118200000000000329USDDBBVA BANCOMER PRODUCTOS      
32MEX 2329                                00000000000000                     
3300743607010100777700000000000000000000000000000000000000200000000000329USD
11007436070101007777151117151117200000000000329USDDBBVA BANCOMER PRODUCTOS      
32MEX 2329                                00000000000000                     
3300743607010100777700000000000000000000000000000000000000200000000000329USD
11007436070101007777151113151113200000000000329USDDBBVA BANCOMER PRODUCTOS      
32MEX 2329                                00000000000000                     
3300743607010100777700000000000000000000000000000000000000200000000000329USD
11007436070101007777151112151112200000000000329USDDBBVA BANCOMER PRODUCTOS      
32MEX 2329                                00000000000000                     
3300743607010100777700000000000000000000000000000000000000200000000000329USD
11007436070101007777151111151111200000000000329USDDBBVA BANCOMER PRODUCTOS      
32MEX 2329                                00000000000000                     
3300743607010100777700000000000000000000000000000000000000200000000000329USD
11007436070101007777151110151110200000000000329USDDBBVA BANCOMER PRODUCTOS      
32MEX 2329                                00000000000000                     
3300743607010100777700000000000000000000000000000000000000200000000000329USD
11007436070101007777151109151109200000000000329USDDBBVA BANCOMER PRODUCTOS      
32MEX 2329                                00000000000000                     
3300743607010100777700000000000000000000000000000000000000200000000000329USD
11007436070101007777151106151106200000000000329USDDBBVA BANCOMER PRODUCTOS      
32MEX 2329                                00000000000000                     
3300743607010100777700000000000000000000000000000000000000200000000000329USD
11007436070101007777151105151105200000000000329USDDBBVA BANCOMER PRODUCTOS      
32MEX 2329                                00000000000000                     
3300743607010100777700000000000000000000000000000000000000200000000000329USD
11007436070101007777151104151104200000000000329USDDBBVA BANCOMER PRODUCTOS      
32MEX 2329                                00000000000000                     
3300743607010100777700000000000000000000000000000000000000200000000000329USD
11007436070137022581151130151130200000000001598MXP7BBVA BANCOMER PRODUCTOS180   
220074177 151130151130  W01100000000000001          TRASPASO A TERCEROS         
2301TEST                          BMRCASH REFBNTC00455849                       
220074177 151130151130  W01100000000000001          TRASPASO A TERCEROS         
2301TST                           BMRCASH REFBNTC00455849                       
220074177 15113015113031P14100000000000001          APOYO A LOS EJES EDU        
2301REF:00000000000000123455 CIE:1316192  GUIA:0123475                          
2200745183151128151130  Q01100000000000100          PAGO DIE VEN.WAC10          
2301                         07757700980  PRUEBA10                              
32MEX 21495                               00000000000000                     
3300743607013702258100004000000000001030000000000000000000200000000001495MXP
11007436070137022581151127151127200000000000900MXP7BBVA BANCOMER PRODUCTOS180   
220074998 151127151127  N06200000000001000          PAGO CUENTA DE TERCERO      
2301BNET    2863129888 PAGO PARA PRUEBAS   0090418020                           
220074998 151127151127  T17100000000000100          SPEI ENVIADO BANORTE/IXE    
23011234567ANTICIPO                       0000112113  072                       
220074998 151127151127  T30100000000000001          DISPERSION                  
2301001                                   DISPERSION                            
220074177 151127151127  W01100000000000001          TRASPASO A TERCEROS         
2301FACTR 256                     BMRCASH REFBNTC00002569                       
220074998 151127151127  T30100000000000100          DISPERSION                  
2301PAGO DE FACTURA 123                   DISPERSION                            
220074177 151127151127  W01100000000000100          TRASPASO A TERCEROS         
2301PRUEBA                        BMRCASH REFBNTC00002569                       
32MEX 21598                               00000000000000                     
3300743607013702258100005000000000003020000100000000001000200000000001598MXP
11007436070137022581151126151126200000000001083MXP7BBVA BANCOMER PRODUCTOS180   
220074177 151126151126  E57200000000000016          TRASPASO ENTRE CUENTAS      
2301FOLIO: 0092748072             0.01USD 3762374.0177.01                       
220074998 151126151126  Y01200000000000001          CE261120158                 
2301AQUI EL CONCEPTO              0985031 0039776                               
220074998 151126151126  T30100000000000200          DISPERSION                  
2301PRUEBADECORREO                        DISPERSION                            
32MEX 2900                                00000000000000                     
3300743607013702258100001000000000002000000200000000000017200000000000900MXP
11007436070137022581151125151125200000000000087MXP7BBVA BANCOMER PRODUCTOS180   
220074998 151125151125  N06200000000040000          PAGO CUENTA DE TERCERO      
2301BMOV    2697241380 DINERO M VIL        0040811004                           
220074998 151125151125  N06200000000001000          PAGO CUENTA DE TERCERO      
2301BMOV    1433952487 PARA PRUEBAS DE SI  0052738009                           
220074177 151125151125  W01100000000040000          TRASPASO A TERCEROS         
23012697241380                            REFBNTC00002569                       
220074177 151125151125  W41100000000000002          TRASPASO ENTRE CUENTAS      
23010180061301                    BMRCASH REFBNTC00002569                       
220074172 151125151125  996100000000000001          0029392034INTERN.PAGO TDC   
2301CUENTA: 4772133002047451 BNET N02     000000                                
220074177 151125151125  W41100000000000001          TRASPASO ENTRE CUENTAS      
2301MVTO    0180061301            BMRCASH REFBNTC00352349                       
32MEX 21083                               00000000000000                     
3300743607013702258100004000000000400040000200000000041000200000000001083MXP
11007436070137022581151124151124200000000000193MXP7BBVA BANCOMER PRODUCTOS180   
220074177 151124151124  R01100000000000001          PAGO DE NOMINA              
2301BBVA BANCOMER PRODUCTOS DE BANCA ELEC BC 4200800015                         
220074177 151124151124  R01100000000000002          PAGO DE NOMINA              
2301BBVA BANCOMER PROD DE BCA ELECTRONICA BC 4200299375                         
220074177 151124151124  R01100000000000003          PAGO DE NOMINA              
2301BBVA BANCOMER PROD DE BCA ELECTRONICA BC 4200299375                         
220074998 151124151124  T30100000000000100          DISPERSION                  
2301PRUEBACORREO                          DISPERSION                            
32MEX 287                                 00000000000000                     
3300743607013702258100004000000000001060000000000000000000200000000000087MXP
11007436070137022581151123151123200000000000093MXP7BBVA BANCOMER PRODUCTOS180   
220074998 151123151123  N06200000000000100          PAGO CUENTA DE TERCERO      
2301BMOV    1459928065 PRUEBA COMEX 2      0093140004                           
32MEX 2193                                00000000000000                     
3300743607013702258100000000000000000000000100000000000100200000000000193MXP
11007436070137022581151120151120200000000000074MXP7BBVA BANCOMER PRODUCTOS180   
220074998 151120151120  N06200000000000070          PAGO CUENTA DE TERCERO      
2301BMOV    2920218529 TRASPASO 1810       0064450008                           
2200741002151120151120  R01100000000000001          PAGO DE NOMINA              
2301BBVA BANCOMER PRODUCTOS DE BANCA ELEC IN 4200800015                         
220074177 15112015112031P14100000000000050          TELEFONOS DE MEXICO,        
2301REF:00000000099335235288 CIE:0035241  GUIA:2140776                          
32MEX 293                                 00000000000000                     
3300743607013702258100002000000000000510000100000000000070200000000000093MXP
11007436070137022581151119151119200000000000075MXP7BBVA BANCOMER PRODUCTOS180   
2200743607151119151119  T10200000000000100          TEF DEVUELTO BANCO NO DEF   
23010000000                               1391523114                            
220074177 151119151119  T17100000000000001          SPEI ENVIADO SANTANDER      
230101245671234567                        0000037726  014                       
220074177 151119151119  R01100000000000100          PAGO DE NOMINA              
2301BBVA BANCOMER PRODUCTOS DE BANCA ELEC BC 4200800015                         
32MEX 274                                 00000000000000                     
3300743607013702258100002000000000001010000100000000000100200000000000074MXP
11007436070137022581151118151118200000000000479MXP7BBVA BANCOMER PRODUCTOS180   
2200743607151118151119  T16100000000000300          PAGO DE NOMINA              
23011234567                               1391523125                            
220074177 151118151118  R01100000000000001          PAGO DE NOMINA              
2301BBVA BANCOMER PRODUCTOS DE BANCA ELEC BC 4200800015                         
220074177 151118151118  W41100000000000001          TRASPASO ENTRE CUENTAS      
2301PRUEBA CAPACITACION           BMRCASH REFBNTC00455849                       
220074177 151118151118  W01100000000000001          TRASPASO A TERCEROS         
2301PRUEBA2                       BMRCASH REFBNTC00455849                       
220074998 151118151118  T30100000000000001          DISPERSION                  
23011                                     DISPERSION                            
220074177 151118151118  W41100000000000100          TRASPASO ENTRE CUENTAS      
2301X       0180061301            BMRCASH REFBNTC00352349                       
32MEX 2375                                00000000000000                     
3300743607013702258100006000000000004040000000000000000000200000000000075MXP
11007436070137022581151117151117200000000000487MXP7BBVA BANCOMER PRODUCTOS180   
220074998 151117151117  T17100000000000001          SPEI ENVIADO AZTECA         
23011234567PPPRRRRUUUUEEEBBBBAA           0000097926  127                       
220074998 151117151117  T30100000000000001          DISPERSION                  
2301PRUEBASIT01                           DISPERSION                            
220074177 151117151117  W01100000000000001          TRASPASO A TERCEROS         
2301PRUEBA                        BMRCASH REFBNTC00455849                       
220074177 151115151115  R01100000000000001          PAGO DE NOMINA              
2301BBVA BANCOMER PROD DE BCA ELECTRONICA BC 4200299375                         
220074177 151117151117  R01100000000000001          PAGO DE NOMINA              
2301BBVA BANCOMER PROD DE BCA ELECTRONICA BC 4200299375                         
2200743607151117151118  T16100000000000001          PAGO DE NOMINA              
23010000000PRUEBA MOISES                  1391094552                            
220074177 151117151117  W01100000000000001          TRASPASO A TERCEROS         
2301PRUEBA                        BMRCASH REFBNTC00455849                       
220074177 151117151117  W01100000000000001          TRASPASO A TERCEROS         
2301PRUEBA                        BMRCASH REFBNTC00455849                       
32MEX 2480                                00000000000000                     
3300743607013702258100008000000000000080000000000000000000200000000000479MXP
11007436070137022581151113151113200000000000492MXP7BBVA BANCOMER PRODUCTOS180   
220074998 151113151113  T30100000000000001          DISPERSION                  
2301111115                                DISPERSION                            
220074998 151113151113  T30100000000000001          DISPERSION                  
2301LEYENDA DEL 2DO RENGLON               DISPERSION                            
2200741002151113151113  R01100000000000001          PAGO DE NOMINA              
2301BBVA BANCOMER PRODUCTOS DE BANCA ELEC IN 4200800015                         
220074177 151113151113  R01100000000000001          PAGO DE NOMINA              
2301BBVA BANCOMER PROD DE BCA ELECTRONICA BC 4200299375                         
220074177 151113151113  R01100000000000001          PAGO DE NOMINA              
2301BBVA BANCOMER PROD DE BCA ELECTRONICA BC 4200299375                         
32MEX 2487                                00000000000000                     
3300743607013702258100005000000000000050000000000000000000200000000000487MXP
11007436070137022581151112151112200000000000595MXP7BBVA BANCOMER PRODUCTOS180   
220074998 151112151112  T17100000000000001          SPEI ENVIADO SANTANDER      
23011645421PRUEBA DE POAGO SIT            0000105381  014                       
220074998 151112151112  T30100000000000001          DISPERSION                  
2301111115                                DISPERSION                            
220074177 151112151112  W41100000000000001          TRASPASO ENTRE CUENTAS      
2301PBA DESBLOQUEO                BMRCASH REFBNTC00455849                       
220074177 151112151112  W01100000000000100          TRASPASO A TERCEROS         
2301EJEMPLO                       BMRCASH REFBNTC00455849                       
32MEX 2492                                00000000000000                     
3300743607013702258100004000000000001030000000000000000000200000000000492MXP
11007436070137022581151111151111200000000000874MXP7BBVA BANCOMER PRODUCTOS180   
2200744129151111151111  C02200000000000100          DEPOSITO EN EFECTIVO        
2301                                      0028765                               
220074998 151111151111  T17100000000000001          SPEI ENVIADO SANTANDER      
23011703362MOTIVO FACTURA SERVICIOS       0000080135  014                       
220074177 151111151111  T17100000000000001          SPEI ENVIADO BANAMEX        
23011111158PRUEBA                         0000023708  002                       
220074177 151111151111  W01100000000000001          TRASPASO A TERCEROS         
2301PAGO INDIVIDUAL PRUEBA        BMRCASH REFBNTC00455849                       
220074998 151111151111  T30100000000000001          DISPERSION                  
2301FACTURA256                            DISPERSION                            
220074998 151111151111  T30100000000000001          DISPERSION                  
2301FACTURA1                              DISPERSION                            
220074172 151111151111VAA23100000000000024          IVA COM.RETIRO EXCEDENTE    
2301NOV10 15:42 EN CAJERO     5559        ******2581                            
220074998 151111151111  N03100000000000100          TRASPASO CUENTAS PROPIAS    
2301CUENTA: 0180061662   BNET              0086566002                           
2200744129151111151111  Q01100000000000100          PAGO DIE VEN.GIGJ900909     
2301                         07757700980  VENTANILLAPRU                         
220074172 151111151111OMA22100000000000150          COM. RETIRO EXCEDENTE       
2301NOV10 15:42 EN CAJERO     5559        ******2581                            
32MEX 2595                                00000000000000                     
3300743607013702258100009000000000003790000100000000000100200000000000595MXP
11007436070137022581151110151110200000000020905MXP7BBVA BANCOMER PRODUCTOS180   
220074998 151110151110  N06200000000000100          PAGO CUENTA DE TERCERO      
2301BMOV    2920218529 ELIO ALEJO          0024495008                           
220074177 151110151110  T17100000000000100          SPEI ENVIADO SANTANDER      
23010101115MOTIVO DE PAGO AQUI            0000023290  014                       
220074177 151110151110  T17100000000000010          SPEI ENVIADO BANORTE/IXE    
23010091115PRUEBA SERVILAMINA             0000003555  072                       
220074177 151110151110  T17100000000000010          SPEI ENVIADO BANAMEX        
23010091115PRUEBA SERVILAMINA             0000003554  002                       
220074177 151110151110  R01100000000000001          PAGO DE NOMINA              
2301BBVA BANCOMER PROD DE BCA ELECTRONICA BC 4200299375                         
220074998 151110151110  N06100000000000010          PAGO CUENTA DE TERCERO      
2301BNET    2696129374                     0073446025                           
220074172 151110151110  Z34100000000010000          RETIRO DE EFECTIVO DM       
2301                                      ******0000                            
220074172 151110151110  Z34100000000010000          RETIRO DE EFECTIVO DM       
2301                                      ******0000                            
32MEX 2874                                00000000000000                     
3300743607013702258100007000000000201310000100000000000100200000000000874MXP
11007436070137022581151109151109200000000000905MXP7BBVA BANCOMER PRODUCTOS180   
220074998 151109151109  N06200000000040000          PAGO CUENTA DE TERCERO      
2301BMOV    2777644272                     0036276004                           
220074998 151109151109  N06200000000010000          PAGO CUENTA DE TERCERO      
2301BMOV    1456974546 PRUEBA DM           0018706007                           
220074172 151109151109  Z34100000000010000          RETIRO DE EFECTIVO DM       
2301                                      ******0000                            
220074172 151109151109  Z34100000000010000          RETIRO DE EFECTIVO DM       
2301                                      ******0000                            
220074172 151109151109  Z34100000000010000          RETIRO DE EFECTIVO DM       
2301                                      ******0000                            
32MEX 220905                              00000000000000                     
3300743607013702258100003000000000300000000200000000050000200000000020905MXP
11007436070137022581151106151106200000000000917MXP7BBVA BANCOMER PRODUCTOS180   
220074177 151106151106  R02200000000000003          REEMBOLSO DE NOMINA         
2301BBVA BANCOMER PRODUCTOS DE BANCA ELEC BC 4200800015                         
2200741002151106151106  R02200000000000001          REEMBOLSO DE NOMINA         
2301BBVA BANCOMER PRODUCTOS DE BANCA ELEC IN 4200800015                         
220074177 151106151106  T17100000000000001          SPEI ENVIADO BANORTE/IXE    
23010061115PRUEBA SERVILAMINAS            0000032524  072                       
220074177 151106151106  T17100000000000001          SPEI ENVIADO BANAMEX        
23010061115PRUEBA SERVILAMINAS            0000032295  002                       
2200741002151106151106  R01100000000000001          PAGO DE NOMINA              
2301BBVA BANCOMER PRODUCTOS DE BANCA ELEC IN 4200800015                         
2200741002151106151106  R01100000000000002          PAGO DE NOMINA              
2301BBVA BANCOMER PRODUCTOS DE BANCA ELEC IN 4200800015                         
220074177 151106151106  R01100000000000002          PAGO DE NOMINA              
2301BBVA BANCOMER PROD DE BCA ELECTRONICA BC 4200299375                         
2200741002151106151106  R01100000000000003          PAGO DE NOMINA              
2301BBVA BANCOMER PRODUCTOS DE BANCA ELEC IN 4200800015                         
220074177 151106151106  R01100000000000003          PAGO DE NOMINA              
2301BBVA BANCOMER PRODUCTOS DE BANCA ELEC BC 4200800015                         
220074177 151106151106  R01100000000000003          PAGO DE NOMINA              
2301BBVA BANCOMER PROD DE BCA ELECTRONICA BC 4200299375                         
32MEX 2905                                00000000000000                     
3300743607013702258100008000000000000160000200000000000004200000000000905MXP
11007436070137022581151105151105200000000000449MXP7BBVA BANCOMER PRODUCTOS180   
220074172 151105151105  V45200000000000400          VENTAS CREDITO              
2301TERMINALES PUNTO DE VENTA             146906069                             
220074980 151105151105  P17200000000000200          LIQUIDACION DE COBRANZA     
230100263-04112015-001                    DOMICILIACION                         
220074172 151105151105  V45200000000000100          VENTAS CREDITO              
2301TERMINALES PUNTO DE VENTA             146906069                             
220074172 151105151105  V45200000000000100          VENTAS CREDITO              
2301TERMINALES PUNTO DE VENTA             146906069                             
220074172 151105151105  V42200000000000001          VENTAS DEBITO               
2301TERMINALES PUNTO DE VENTA             146906069                             
220074177 151105151105  W42200000000000001          TRASPASO ENTRE CUENTAS      
2301BBVA BANCOMER PRODUC TOS DE BABMRCASH REFBNTC00002569                       
220074177 151105151105  W41100000000000001          TRASPASO ENTRE CUENTAS      
23010180061301                    BMRCASH REFBNTC00002569                       
220074172 151105151105VAV47100000000000001          IVA COM. VENTAS CREDITO     
2301TERMINALES PUNTO DE VENTA             176906069                             
220074172 151105151105VAV47100000000000001          IVA COM. VENTAS CREDITO     
2301TERMINALES PUNTO DE VENTA             176906069                             
220074998 151105151105  N06100000000000002          PAGO CUENTA DE TERCERO      
2301BNET    1449105964                     0025459016                           
2200741002151105151105  T17100000000000002          SPEI ENVIADO AZTECA         
23010000002PRUEBA                         0002004540  127                       
220074172 151105151105VAV47100000000000003          IVA COM. VENTAS CREDITO     
2301TERMINALES PUNTO DE VENTA             176906069                             
220074172 151105151105OMV46100000000000004          COMISION VENTAS CREDITO     
2301TERMINALES PUNTO DE VENTA             176906069                             
220074172 151105151105OMV46100000000000004          COMISION VENTAS CREDITO     
2301TERMINALES PUNTO DE VENTA             176906069                             
220074172 151105151105OMV46100000000000016          COMISION VENTAS CREDITO     
2301TERMINALES PUNTO DE VENTA             176906069                             
220074177 151105151105  W01100000000000100          TRASPASO A TERCEROS         
2301PRUEBA1                       BMRCASH REFBNTC00002569                       
220074177 151105151105  W41100000000000100          TRASPASO ENTRE CUENTAS      
2301PRUEBA  0180061301            BMRCASH REFBNTC00002569                       
220074177 151105151105  W41100000000000100          TRASPASO ENTRE CUENTAS      
2301PRUEBA CAPACITAC              BMRCASH REFBNTC00002569                       
32MEX 2917                                00000000000000                     
3300743607013702258100012000000000003340000600000000000802200000000000917MXP
11007436070137022581151104151104200000000000263MXP7BBVA BANCOMER PRODUCTOS180   
220074177 151104151104  W02200000000000197          DEPOSITO DE TERCERO         
2301PAGO DE FACTURA 34            BMRCASH REFBNTC00002569                       
220074177 151104151104  T17100000000000010          SPEI ENVIADO AZTECA         
23010001234PRUEBA MACRO MOTIVO DE PAGO    0000025649  127                       
220074177 151104151104  R01100000000000001          PAGO DE NOMINA              
2301BBVA BANCOMER PROD DE BCA ELECTRONICA BC 4200299375                         
32MEX 2449                                00000000000000                     
3300743607013702258100002000000000000110000100000000000197200000000000449MXP
11007436070180061301151130151130200000000000206MXPDBBVA BANCOMER PRODUCTOS      
32MEX 2206                                00000000000000                     
3300743607018006130100000000000000000000000000000000000000200000000000206MXP
11007436070180061301151127151127200000000000206MXPDBBVA BANCOMER PRODUCTOS      
32MEX 2206                                00000000000000                     
3300743607018006130100000000000000000000000000000000000000200000000000206MXP
11007436070180061301151126151126200000000000206MXPDBBVA BANCOMER PRODUCTOS      
32MEX 2206                                00000000000000                     
3300743607018006130100000000000000000000000000000000000000200000000000206MXP
11007436070180061301151125151125200000000000203MXP2BBVA BANCOMER PRODUCTOS180   
220074177 151125151125  W42200000000000002          TRASPASO ENTRE CUENTAS      
2301BBVA BANCOMER PRODUC TOS DE BABMRCASH REFBNTC00002569                       
220074177 151125151125  W42200000000000001          TRASPASO ENTRE CUENTAS      
2301MVTO    0137022581            BMRCASH REFBNTC00352349                       
32MEX 2206                                00000000000000                     
3300743607018006130100000000000000000000000200000000000003200000000000206MXP
11007436070180061301151124151124200000000000203MXPDBBVA BANCOMER PRODUCTOS      
32MEX 2203                                00000000000000                     
3300743607018006130100000000000000000000000000000000000000200000000000203MXP
11007436070180061301151123151123200000000000203MXPDBBVA BANCOMER PRODUCTOS      
32MEX 2203                                00000000000000                     
3300743607018006130100000000000000000000000000000000000000200000000000203MXP
11007436070180061301151120151120200000000000203MXPDBBVA BANCOMER PRODUCTOS      
32MEX 2203                                00000000000000                     
3300743607018006130100000000000000000000000000000000000000200000000000203MXP
11007436070180061301151119151119200000000000203MXPDBBVA BANCOMER PRODUCTOS      
32MEX 2203                                00000000000000                     
3300743607018006130100000000000000000000000000000000000000200000000000203MXP
11007436070180061301151118151118200000000000103MXP2BBVA BANCOMER PRODUCTOS180   
220074177 151118151118  W42200000000000100          TRASPASO ENTRE CUENTAS      
2301X       0137022581            BMRCASH REFBNTC00352349                       
32MEX 2203                                00000000000000                     
3300743607018006130100000000000000000000000100000000000100200000000000203MXP
11007436070180061301151117151117200000000000103MXPDBBVA BANCOMER PRODUCTOS      
32MEX 2103                                00000000000000                     
3300743607018006130100000000000000000000000000000000000000200000000000103MXP
11007436070180061301151113151113200000000000103MXPDBBVA BANCOMER PRODUCTOS      
32MEX 2103                                00000000000000                     
3300743607018006130100000000000000000000000000000000000000200000000000103MXP
11007436070180061301151112151112200000000000102MXP2BBVA BANCOMER PRODUCTOS180   
220074177 151112151112  W42200000000000001          TRASPASO ENTRE CUENTAS      
2301PBA DESBLOQUEO                BMRCASH REFBNTC00455849                       
32MEX 2103                                00000000000000                     
3300743607018006130100000000000000000000000100000000000001200000000000103MXP
11007436070180061301151111151111200000000000102MXPDBBVA BANCOMER PRODUCTOS      
32MEX 2102                                00000000000000                     
3300743607018006130100000000000000000000000000000000000000200000000000102MXP
11007436070180061301151110151110200000000000102MXPDBBVA BANCOMER PRODUCTOS      
32MEX 2102                                00000000000000                     
3300743607018006130100000000000000000000000000000000000000200000000000102MXP
11007436070180061301151109151109200000000000102MXPDBBVA BANCOMER PRODUCTOS      
32MEX 2102                                00000000000000                     
3300743607018006130100000000000000000000000000000000000000200000000000102MXP
11007436070180061301151106151106200000000000102MXPDBBVA BANCOMER PRODUCTOS      
32MEX 2102                                00000000000000                     
3300743607018006130100000000000000000000000000000000000000200000000000102MXP
11007436070180061301151105151105200000000000002MXP2BBVA BANCOMER PRODUCTOS180   
220074177 151105151105  W42200000000000100          TRASPASO ENTRE CUENTAS      
2301PRUEBA  0137022581            BMRCASH REFBNTC00002569                       
220074177 151105151105  W42200000000000001          TRASPASO ENTRE CUENTAS      
2301BBVA BANCOMER PRODUC TOS DE BABMRCASH REFBNTC00002569                       
220074177 151105151105  W41100000000000001          TRASPASO ENTRE CUENTAS      
23010137022581                    BMRCASH REFBNTC00002569                       
32MEX 2102                                00000000000000                     
3300743607018006130100001000000000000010000200000000000101200000000000102MXP
11007436070180061301151104151104200000000000002MXPDBBVA BANCOMER PRODUCTOS      
32MEX 22                                  00000000000000                     
3300743607018006130100000000000000000000000000000000000000200000000000002MXP
11007436070180061662151130151130200000000000000MXPDBBVA BANCOMER PRODUCTOS      
32MEX 200000000000000                     00000000000000                     
3300743607018006166200000000000000000000000000000000000000200000000000000MXP
11007436070180061662151127151127200000000000000MXPDBBVA BANCOMER PRODUCTOS      
32MEX 200000000000000                     00000000000000                     
3300743607018006166200000000000000000000000000000000000000200000000000000MXP
11007436070180061662151126151126200000000000000MXPDBBVA BANCOMER PRODUCTOS      
32MEX 200000000000000                     00000000000000                     
3300743607018006166200000000000000000000000000000000000000200000000000000MXP
11007436070180061662151125151125200000000000000MXPDBBVA BANCOMER PRODUCTOS      
32MEX 200000000000000                     00000000000000                     
3300743607018006166200000000000000000000000000000000000000200000000000000MXP
11007436070180061662151124151124200000000000000MXPDBBVA BANCOMER PRODUCTOS      
32MEX 200000000000000                     00000000000000                     
3300743607018006166200000000000000000000000000000000000000200000000000000MXP
11007436070180061662151123151123200000000000100MXP4BBVA BANCOMER PRODUCTOS180   
220074177 151123151123  W01100000000000100          TRASPASO A TERCEROS         
23010177793782                            REFBNTC00002569                       
32MEX 200000000000000                     00000000000000                     
3300743607018006166200001000000000001000000000000000000000200000000000000MXP
11007436070180061662151120151120200000000000100MXPDBBVA BANCOMER PRODUCTOS      
32MEX 2100                                00000000000000                     
3300743607018006166200000000000000000000000000000000000000200000000000100MXP
11007436070180061662151119151119200000000000100MXPDBBVA BANCOMER PRODUCTOS      
32MEX 2100                                00000000000000                     
3300743607018006166200000000000000000000000000000000000000200000000000100MXP
11007436070180061662151118151118200000000000100MXPDBBVA BANCOMER PRODUCTOS      
32MEX 2100                                00000000000000                     
3300743607018006166200000000000000000000000000000000000000200000000000100MXP
11007436070180061662151117151117200000000000100MXPDBBVA BANCOMER PRODUCTOS      
32MEX 2100                                00000000000000                     
3300743607018006166200000000000000000000000000000000000000200000000000100MXP
11007436070180061662151113151113200000000000100MXPDBBVA BANCOMER PRODUCTOS      
32MEX 2100                                00000000000000                     
3300743607018006166200000000000000000000000000000000000000200000000000100MXP
11007436070180061662151112151112200000000000100MXPDBBVA BANCOMER PRODUCTOS      
32MEX 2100                                00000000000000                     
3300743607018006166200000000000000000000000000000000000000200000000000100MXP
11007436070180061662151111151111200000000000000MXP4BBVA BANCOMER PRODUCTOS180   
220074998 151111151111  N03200000000000100          TRASPASO CUENTAS PROPIAS    
2301CUENTA: 0137022581   BNET              0086566002                           
32MEX 2100                                00000000000000                     
3300743607018006166200000000000000000000000100000000000100200000000000100MXP
11007436070180061662151110151110200000000000000MXPDBBVA BANCOMER PRODUCTOS      
32MEX 200000000000000                     00000000000000                     
3300743607018006166200000000000000000000000000000000000000200000000000000MXP
11007436070180061662151109151109200000000000000MXPDBBVA BANCOMER PRODUCTOS      
32MEX 200000000000000                     00000000000000                     
3300743607018006166200000000000000000000000000000000000000200000000000000MXP
11007436070180061662151106151106200000000000000MXPDBBVA BANCOMER PRODUCTOS      
32MEX 200000000000000                     00000000000000                     
3300743607018006166200000000000000000000000000000000000000200000000000000MXP
11007436070180061662151105151105200000000000000MXPDBBVA BANCOMER PRODUCTOS      
32MEX 200000000000000                     00000000000000                     
3300743607018006166200000000000000000000000000000000000000200000000000000MXP
11007436070180061662151104151104200000000000198MXP4BBVA BANCOMER PRODUCTOS180   
220074177 151104151104  W01100000000000001          TRASPASO A TERCEROS         
2301PRUEBA                        BMRCASH REFBNTC00455849                       
220074177 151104151104  W01100000000000197          TRASPASO A TERCEROS         
2301PAGO DE FACTURA 34            BMRCASH REFBNTC00002569                       
32MEX 200000000000000                     00000000000000                     
3300743607018006166200002000000000001980000000000000000000200000000000000MXP
11007436070180062138151130151130200000000000128MXPDBBVA BANCOMER PRODUCTOS      
32MEX 2128                                00000000000000                     
3300743607018006213800000000000000000000000000000000000000200000000000128MXP
11007436070180062138151127151127200000000000128MXPDBBVA BANCOMER PRODUCTOS      
32MEX 2128                                00000000000000                     
3300743607018006213800000000000000000000000000000000000000200000000000128MXP
11007436070180062138151126151126200000000000128MXPDBBVA BANCOMER PRODUCTOS      
32MEX 2128                                00000000000000                     
3300743607018006213800000000000000000000000000000000000000200000000000128MXP
11007436070180062138151125151125200000000000128MXPDBBVA BANCOMER PRODUCTOS      
32MEX 2128                                00000000000000                     
3300743607018006213800000000000000000000000000000000000000200000000000128MXP
11007436070180062138151124151124200000000000128MXPDBBVA BANCOMER PRODUCTOS      
32MEX 2128                                00000000000000                     
3300743607018006213800000000000000000000000000000000000000200000000000128MXP
11007436070180062138151123151123200000000000000MXP9BBVA BANCOMER PRODUCTOS180   
220074998 151123151123  N06200000000000300          PAGO CUENTA DE TERCERO      
2301BMOV    1461071467 PRUEBAS SUA         0014379007                           
220074998 151123151123  X01100000000000086          IMSS/INF/AFORE VIA ELECT.   
2301PAGO SUA 99099909099 201510 111111    BV01376301                            
220074998 151123151123  X01100000000000086          IMSS/INF/AFORE VIA ELECT.   
2301PAGO SUA 99099909199 201510 111111    BV01376302                            
32MEX 2128                                00000000000000                     
3300743607018006213800002000000000001720000100000000000300200000000000128MXP
11007436070180062138151120151120200000000000000MXPDBBVA BANCOMER PRODUCTOS      
32MEX 200000000000000                     00000000000000                     
3300743607018006213800000000000000000000000000000000000000200000000000000MXP
11007436070180062138151119151119200000000000000MXPDBBVA BANCOMER PRODUCTOS      
32MEX 200000000000000                     00000000000000                     
3300743607018006213800000000000000000000000000000000000000200000000000000MXP
11007436070180062138151118151118200000000000000MXPDBBVA BANCOMER PRODUCTOS      
32MEX 200000000000000                     00000000000000                     
3300743607018006213800000000000000000000000000000000000000200000000000000MXP
11007436070180062138151117151117200000000000000MXPDBBVA BANCOMER PRODUCTOS      
32MEX 200000000000000                     00000000000000                     
3300743607018006213800000000000000000000000000000000000000200000000000000MXP
11007436070180062138151113151113200000000000000MXPDBBVA BANCOMER PRODUCTOS      
32MEX 200000000000000                     00000000000000                     
3300743607018006213800000000000000000000000000000000000000200000000000000MXP
11007436070180062138151112151112200000000000000MXPDBBVA BANCOMER PRODUCTOS      
32MEX 200000000000000                     00000000000000                     
3300743607018006213800000000000000000000000000000000000000200000000000000MXP
11007436070180062138151111151111200000000000000MXPDBBVA BANCOMER PRODUCTOS      
32MEX 200000000000000                     00000000000000                     
3300743607018006213800000000000000000000000000000000000000200000000000000MXP
11007436070180062138151110151110200000000000000MXPDBBVA BANCOMER PRODUCTOS      
32MEX 200000000000000                     00000000000000                     
3300743607018006213800000000000000000000000000000000000000200000000000000MXP
11007436070180062138151109151109200000000000000MXPDBBVA BANCOMER PRODUCTOS      
32MEX 200000000000000                     00000000000000                     
3300743607018006213800000000000000000000000000000000000000200000000000000MXP
11007436070180062138151106151106200000000000000MXPDBBVA BANCOMER PRODUCTOS      
32MEX 200000000000000                     00000000000000                     
3300743607018006213800000000000000000000000000000000000000200000000000000MXP
11007436070180062138151105151105200000000000000MXPDBBVA BANCOMER PRODUCTOS      
32MEX 200000000000000                     00000000000000                     
3300743607018006213800000000000000000000000000000000000000200000000000000MXP
11007436070180062138151104151104200000000000000MXPDBBVA BANCOMER PRODUCTOS      
32MEX 200000000000000                     00000000000000                     
3300743607018006213800000000000000000000000000000000000000200000000000000MXP
11007436070180062367151130151130200000000000001MXPDBBVA BANCOMER PRODUCTOS      
32MEX 21                                  00000000000000                     
3300743607018006236700000000000000000000000000000000000000200000000000001MXP
11007436070180062367151127151127200000000000001MXPDBBVA BANCOMER PRODUCTOS      
32MEX 21                                  00000000000000                     
3300743607018006236700000000000000000000000000000000000000200000000000001MXP
11007436070180062367151126151126200000000000001MXPDBBVA BANCOMER PRODUCTOS      
32MEX 21                                  00000000000000                     
3300743607018006236700000000000000000000000000000000000000200000000000001MXP
11007436070180062367151125151125200000000000001MXPDBBVA BANCOMER PRODUCTOS      
32MEX 21                                  00000000000000                     
3300743607018006236700000000000000000000000000000000000000200000000000001MXP
11007436070180062367151124151124200000000000001MXPDBBVA BANCOMER PRODUCTOS      
32MEX 21                                  00000000000000                     
3300743607018006236700000000000000000000000000000000000000200000000000001MXP
11007436070180062367151123151123200000000000001MXPDBBVA BANCOMER PRODUCTOS      
32MEX 21                                  00000000000000                     
3300743607018006236700000000000000000000000000000000000000200000000000001MXP
11007436070180062367151120151120200000000000001MXPDBBVA BANCOMER PRODUCTOS      
32MEX 21                                  00000000000000                     
3300743607018006236700000000000000000000000000000000000000200000000000001MXP
11007436070180062367151119151119200000000000001MXPDBBVA BANCOMER PRODUCTOS      
32MEX 21                                  00000000000000                     
3300743607018006236700000000000000000000000000000000000000200000000000001MXP
11007436070180062367151118151118200000000000001MXP5BBVA BANCOMER PRODUCTOS180   
220074177 151118151118  W42200000000000001          TRASPASO ENTRE CUENTAS      
2301PRUEBA CAPACITACION           BMRCASH REFBNTC00455849                       
220074177 151118151118  W01100000000000001          TRASPASO A TERCEROS         
2301PRUEBITA                      BMRCASH REFBNTC00455849                       
32MEX 21                                  00000000000000                     
3300743607018006236700001000000000000010000100000000000001200000000000001MXP
11007436070180062367151117151117200000000000001MXPDBBVA BANCOMER PRODUCTOS      
32MEX 21                                  00000000000000                     
3300743607018006236700000000000000000000000000000000000000200000000000001MXP
11007436070180062367151113151113200000000000001MXPDBBVA BANCOMER PRODUCTOS      
32MEX 21                                  00000000000000                     
3300743607018006236700000000000000000000000000000000000000200000000000001MXP
11007436070180062367151112151112200000000000001MXPDBBVA BANCOMER PRODUCTOS      
32MEX 21                                  00000000000000                     
3300743607018006236700000000000000000000000000000000000000200000000000001MXP
11007436070180062367151111151111200000000000001MXPDBBVA BANCOMER PRODUCTOS      
32MEX 21                                  00000000000000                     
3300743607018006236700000000000000000000000000000000000000200000000000001MXP
11007436070180062367151110151110200000000000001MXPDBBVA BANCOMER PRODUCTOS      
32MEX 21                                  00000000000000                     
3300743607018006236700000000000000000000000000000000000000200000000000001MXP
11007436070180062367151109151109200000000000001MXPDBBVA BANCOMER PRODUCTOS      
32MEX 21                                  00000000000000                     
3300743607018006236700000000000000000000000000000000000000200000000000001MXP
11007436070180062367151106151106200000000000001MXPDBBVA BANCOMER PRODUCTOS      
32MEX 21                                  00000000000000                     
3300743607018006236700000000000000000000000000000000000000200000000000001MXP
11007436070180062367151105151105200000000000001MXPDBBVA BANCOMER PRODUCTOS      
32MEX 21                                  00000000000000                     
3300743607018006236700000000000000000000000000000000000000200000000000001MXP
11007436070180062367151104151104200000000000001MXPDBBVA BANCOMER PRODUCTOS      
32MEX 21                                  00000000000000                     
3300743607018006236700000000000000000000000000000000000000200000000000001MXP
11007436070180062421151130151130200000000000097MXPDBBVA BANCOMER PRODUCTOS      
32MEX 297                                 00000000000000                     
3300743607018006242100000000000000000000000000000000000000200000000000097MXP
11007436070180062421151127151127200000000000097MXPDBBVA BANCOMER PRODUCTOS      
32MEX 297                                 00000000000000                     
3300743607018006242100000000000000000000000000000000000000200000000000097MXP
11007436070180062421151126151126200000000000097MXPDBBVA BANCOMER PRODUCTOS      
32MEX 297                                 00000000000000                     
3300743607018006242100000000000000000000000000000000000000200000000000097MXP
11007436070180062421151125151125200000000000097MXPDBBVA BANCOMER PRODUCTOS      
32MEX 297                                 00000000000000                     
3300743607018006242100000000000000000000000000000000000000200000000000097MXP
11007436070180062421151124151124200000000000097MXPDBBVA BANCOMER PRODUCTOS      
32MEX 297                                 00000000000000                     
3300743607018006242100000000000000000000000000000000000000200000000000097MXP
11007436070180062421151123151123200000000000097MXPDBBVA BANCOMER PRODUCTOS      
32MEX 297                                 00000000000000                     
3300743607018006242100000000000000000000000000000000000000200000000000097MXP
11007436070180062421151120151120200000000000097MXPDBBVA BANCOMER PRODUCTOS      
32MEX 297                                 00000000000000                     
3300743607018006242100000000000000000000000000000000000000200000000000097MXP
11007436070180062421151119151119200000000000000MXP8BBVA BANCOMER PRODUCTOS180   
220074998 151119151119  N06200000000000100          PAGO CUENTA DE TERCERO      
2301BMOV    1456974546 PRUEBA ALBERTO ORT  0080512007                           
220074177 15111915111931P14100000000000003          EDELWAIS & TORK CONS        
2301REF:E1G091GSP2           CIE:1257269  GUIA:3475230                          
32MEX 297                                 00000000000000                     
3300743607018006242100001000000000000030000100000000000100200000000000097MXP
11007436070180062421151118151118200000000000000MXPDBBVA BANCOMER PRODUCTOS      
32MEX 200000000000000                     00000000000000                     
3300743607018006242100000000000000000000000000000000000000200000000000000MXP
11007436070180062421151117151117200000000000000MXPDBBVA BANCOMER PRODUCTOS      
32MEX 200000000000000                     00000000000000                     
3300743607018006242100000000000000000000000000000000000000200000000000000MXP
11007436070180062421151113151113200000000000000MXPDBBVA BANCOMER PRODUCTOS      
32MEX 200000000000000                     00000000000000                     
3300743607018006242100000000000000000000000000000000000000200000000000000MXP
11007436070180062421151112151112200000000000000MXPDBBVA BANCOMER PRODUCTOS      
32MEX 200000000000000                     00000000000000                     
3300743607018006242100000000000000000000000000000000000000200000000000000MXP
11007436070180062421151111151111200000000000000MXPDBBVA BANCOMER PRODUCTOS      
32MEX 200000000000000                     00000000000000                     
3300743607018006242100000000000000000000000000000000000000200000000000000MXP
11007436070180062421151110151110200000000000000MXPDBBVA BANCOMER PRODUCTOS      
32MEX 200000000000000                     00000000000000                     
3300743607018006242100000000000000000000000000000000000000200000000000000MXP
11007436070180062421151109151109200000000000000MXPDBBVA BANCOMER PRODUCTOS      
32MEX 200000000000000                     00000000000000                     
3300743607018006242100000000000000000000000000000000000000200000000000000MXP
11007436070180062421151106151106200000000000000MXPDBBVA BANCOMER PRODUCTOS      
32MEX 200000000000000                     00000000000000                     
3300743607018006242100000000000000000000000000000000000000200000000000000MXP
11007436070180062421151105151105200000000000000MXPDBBVA BANCOMER PRODUCTOS      
32MEX 200000000000000                     00000000000000                     
3300743607018006242100000000000000000000000000000000000000200000000000000MXP
11007436070180062421151104151104200000000000000MXPDBBVA BANCOMER PRODUCTOS      
32MEX 200000000000000                     00000000000000                     
3300743607018006242100000000000000000000000000000000000000200000000000000MXP
11007436070180062650151130151130200000000000199MXPDBBVA BANCOMER PRODUCTOS      
32MEX 2199                                00000000000000                     
3300743607018006265000000000000000000000000000000000000000200000000000199MXP
11007436070180062650151127151127200000000000199MXPDBBVA BANCOMER PRODUCTOS      
32MEX 2199                                00000000000000                     
3300743607018006265000000000000000000000000000000000000000200000000000199MXP
11007436070180062650151126151126200000000000199MXPDBBVA BANCOMER PRODUCTOS      
32MEX 2199                                00000000000000                     
3300743607018006265000000000000000000000000000000000000000200000000000199MXP
11007436070180062650151125151125200000000000199MXPDBBVA BANCOMER PRODUCTOS      
32MEX 2199                                00000000000000                     
3300743607018006265000000000000000000000000000000000000000200000000000199MXP
11007436070180062650151124151124200000000000199MXPDBBVA BANCOMER PRODUCTOS      
32MEX 2199                                00000000000000                     
3300743607018006265000000000000000000000000000000000000000200000000000199MXP
11007436070180062650151123151123200000000000199MXPDBBVA BANCOMER PRODUCTOS      
32MEX 2199                                00000000000000                     
3300743607018006265000000000000000000000000000000000000000200000000000199MXP
11007436070180062650151120151120200000000000199MXPDBBVA BANCOMER PRODUCTOS      
32MEX 2199                                00000000000000                     
3300743607018006265000000000000000000000000000000000000000200000000000199MXP
11007436070180062650151119151119200000000000199MXPDBBVA BANCOMER PRODUCTOS      
32MEX 2199                                00000000000000                     
3300743607018006265000000000000000000000000000000000000000200000000000199MXP
11007436070180062650151118151118200000000000199MXPDBBVA BANCOMER PRODUCTOS      
32MEX 2199                                00000000000000                     
3300743607018006265000000000000000000000000000000000000000200000000000199MXP
11007436070180062650151117151117200000000000199MXPDBBVA BANCOMER PRODUCTOS      
32MEX 2199                                00000000000000                     
3300743607018006265000000000000000000000000000000000000000200000000000199MXP
11007436070180062650151113151113200000000000199MXPDBBVA BANCOMER PRODUCTOS      
32MEX 2199                                00000000000000                     
3300743607018006265000000000000000000000000000000000000000200000000000199MXP
11007436070180062650151112151112200000000000199MXPDBBVA BANCOMER PRODUCTOS      
32MEX 2199                                00000000000000                     
3300743607018006265000000000000000000000000000000000000000200000000000199MXP
11007436070180062650151111151111200000000000199MXPDBBVA BANCOMER PRODUCTOS      
32MEX 2199                                00000000000000                     
3300743607018006265000000000000000000000000000000000000000200000000000199MXP
11007436070180062650151110151110200000000000199MXPDBBVA BANCOMER PRODUCTOS      
32MEX 2199                                00000000000000                     
3300743607018006265000000000000000000000000000000000000000200000000000199MXP
11007436070180062650151109151109200000000000199MXPDBBVA BANCOMER PRODUCTOS      
32MEX 2199                                00000000000000                     
3300743607018006265000000000000000000000000000000000000000200000000000199MXP
11007436070180062650151106151106200000000000199MXPDBBVA BANCOMER PRODUCTOS      
32MEX 2199                                00000000000000                     
3300743607018006265000000000000000000000000000000000000000200000000000199MXP
11007436070180062650151105151105200000000000100MXP4BBVA BANCOMER PRODUCTOS180   
220074177 151105151105  W42200000000000100          TRASPASO ENTRE CUENTAS      
2301PRUEBA CAPACITAC              BMRCASH REFBNTC00002569                       
220074177 151105151105  W01100000000000001          TRASPASO A TERCEROS         
2301PAGO NOMINA PRUEBA            BMRCASH REFBNTC00002569                       
32MEX 2199                                00000000000000                     
3300743607018006265000001000000000000010000100000000000100200000000000199MXP
11007436070180062650151104151104200000000000100MXPDBBVA BANCOMER PRODUCTOS      
32MEX 2100                                00000000000000                     
3300743607018006265000000000000000000000000000000000000000200000000000100MXP
11007436070180062758151130151130200000000000000MXPDBBVA BANCOMER PRODUCTOS      
32MEX 200000000000000                     00000000000000                     
3300743607018006275800000000000000000000000000000000000000200000000000000MXP
11007436070180062758151127151127200000000000000MXPDBBVA BANCOMER PRODUCTOS      
32MEX 200000000000000                     00000000000000                     
3300743607018006275800000000000000000000000000000000000000200000000000000MXP
11007436070180062758151126151126200000000000000MXPDBBVA BANCOMER PRODUCTOS      
32MEX 200000000000000                     00000000000000                     
3300743607018006275800000000000000000000000000000000000000200000000000000MXP
11007436070180062758151125151125200000000000000MXPDBBVA BANCOMER PRODUCTOS      
32MEX 200000000000000                     00000000000000                     
3300743607018006275800000000000000000000000000000000000000200000000000000MXP
11007436070180062758151124151124200000000000000MXPDBBVA BANCOMER PRODUCTOS      
32MEX 200000000000000                     00000000000000                     
3300743607018006275800000000000000000000000000000000000000200000000000000MXP
11007436070180062758151123151123200000000000000MXPDBBVA BANCOMER PRODUCTOS      
32MEX 200000000000000                     00000000000000                     
3300743607018006275800000000000000000000000000000000000000200000000000000MXP
11007436070180062758151120151120200000000000000MXPDBBVA BANCOMER PRODUCTOS      
32MEX 200000000000000                     00000000000000                     
3300743607018006275800000000000000000000000000000000000000200000000000000MXP
11007436070180062758151119151119200000000000000MXPDBBVA BANCOMER PRODUCTOS      
32MEX 200000000000000                     00000000000000                     
3300743607018006275800000000000000000000000000000000000000200000000000000MXP
11007436070180062758151118151118200000000000000MXPDBBVA BANCOMER PRODUCTOS      
32MEX 200000000000000                     00000000000000                     
3300743607018006275800000000000000000000000000000000000000200000000000000MXP
11007436070180062758151117151117200000000000000MXPDBBVA BANCOMER PRODUCTOS      
32MEX 200000000000000                     00000000000000                     
3300743607018006275800000000000000000000000000000000000000200000000000000MXP
11007436070180062758151113151113200000000000000MXPDBBVA BANCOMER PRODUCTOS      
32MEX 200000000000000                     00000000000000                     
3300743607018006275800000000000000000000000000000000000000200000000000000MXP
11007436070180062758151112151112200000000000000MXPDBBVA BANCOMER PRODUCTOS      
32MEX 200000000000000                     00000000000000                     
3300743607018006275800000000000000000000000000000000000000200000000000000MXP
11007436070180062758151111151111200000000000000MXPDBBVA BANCOMER PRODUCTOS      
32MEX 200000000000000                     00000000000000                     
3300743607018006275800000000000000000000000000000000000000200000000000000MXP
11007436070180062758151110151110200000000000000MXPDBBVA BANCOMER PRODUCTOS      
32MEX 200000000000000                     00000000000000                     
3300743607018006275800000000000000000000000000000000000000200000000000000MXP
11007436070180062758151109151109200000000000000MXPDBBVA BANCOMER PRODUCTOS      
32MEX 200000000000000                     00000000000000                     
3300743607018006275800000000000000000000000000000000000000200000000000000MXP
11007436070180062758151106151106200000000000000MXPDBBVA BANCOMER PRODUCTOS      
32MEX 200000000000000                     00000000000000                     
3300743607018006275800000000000000000000000000000000000000200000000000000MXP
11007436070180062758151105151105200000000000000MXPDBBVA BANCOMER PRODUCTOS      
32MEX 200000000000000                     00000000000000                     
3300743607018006275800000000000000000000000000000000000000200000000000000MXP
11007436070180062758151104151104200000000000000MXPDBBVA BANCOMER PRODUCTOS      
32MEX 200000000000000                     00000000000000                     
3300743607018006275800000000000000000000000000000000000000200000000000000MXP
11007436070180062944151130151130200000000000000MXPDBBVA BANCOMER PRODUCTOS      
32MEX 200000000000000                     00000000000000                     
3300743607018006294400000000000000000000000000000000000000200000000000000MXP
11007436070180062944151127151127200000000000000MXPDBBVA BANCOMER PRODUCTOS      
32MEX 200000000000000                     00000000000000                     
3300743607018006294400000000000000000000000000000000000000200000000000000MXP
11007436070180062944151126151126200000000000000MXPDBBVA BANCOMER PRODUCTOS      
32MEX 200000000000000                     00000000000000                     
3300743607018006294400000000000000000000000000000000000000200000000000000MXP
11007436070180062944151125151125200000000000000MXPDBBVA BANCOMER PRODUCTOS      
32MEX 200000000000000                     00000000000000                     
3300743607018006294400000000000000000000000000000000000000200000000000000MXP
11007436070180062944151124151124200000000000000MXPDBBVA BANCOMER PRODUCTOS      
32MEX 200000000000000                     00000000000000                     
3300743607018006294400000000000000000000000000000000000000200000000000000MXP
11007436070180062944151123151123200000000000000MXPDBBVA BANCOMER PRODUCTOS      
32MEX 200000000000000                     00000000000000                     
3300743607018006294400000000000000000000000000000000000000200000000000000MXP
11007436070180062944151120151120200000000000000MXPDBBVA BANCOMER PRODUCTOS      
32MEX 200000000000000                     00000000000000                     
3300743607018006294400000000000000000000000000000000000000200000000000000MXP
11007436070180062944151119151119200000000000000MXPDBBVA BANCOMER PRODUCTOS      
32MEX 200000000000000                     00000000000000                     
3300743607018006294400000000000000000000000000000000000000200000000000000MXP
11007436070180062944151118151118200000000000000MXPDBBVA BANCOMER PRODUCTOS      
32MEX 200000000000000                     00000000000000                     
3300743607018006294400000000000000000000000000000000000000200000000000000MXP
11007436070180062944151117151117200000000000000MXPDBBVA BANCOMER PRODUCTOS      
32MEX 200000000000000                     00000000000000                     
3300743607018006294400000000000000000000000000000000000000200000000000000MXP
11007436070180062944151113151113200000000000000MXPDBBVA BANCOMER PRODUCTOS      
32MEX 200000000000000                     00000000000000                     
3300743607018006294400000000000000000000000000000000000000200000000000000MXP
11007436070180062944151112151112200000000000000MXPDBBVA BANCOMER PRODUCTOS      
32MEX 200000000000000                     00000000000000                     
3300743607018006294400000000000000000000000000000000000000200000000000000MXP
11007436070180062944151111151111200000000000000MXPDBBVA BANCOMER PRODUCTOS      
32MEX 200000000000000                     00000000000000                     
3300743607018006294400000000000000000000000000000000000000200000000000000MXP
11007436070180062944151110151110200000000000000MXPDBBVA BANCOMER PRODUCTOS      
32MEX 200000000000000                     00000000000000                     
3300743607018006294400000000000000000000000000000000000000200000000000000MXP
11007436070180062944151109151109200000000000000MXPDBBVA BANCOMER PRODUCTOS      
32MEX 200000000000000                     00000000000000                     
3300743607018006294400000000000000000000000000000000000000200000000000000MXP
11007436070180062944151106151106200000000000000MXPDBBVA BANCOMER PRODUCTOS      
32MEX 200000000000000                     00000000000000                     
3300743607018006294400000000000000000000000000000000000000200000000000000MXP
11007436070180062944151105151105200000000000000MXPDBBVA BANCOMER PRODUCTOS      
32MEX 200000000000000                     00000000000000                     
3300743607018006294400000000000000000000000000000000000000200000000000000MXP
11007436070180062944151104151104200000000000000MXPDBBVA BANCOMER PRODUCTOS      
32MEX 200000000000000                     00000000000000                     
3300743607018006294400000000000000000000000000000000000000200000000000000MXP
11007436070180063002151130151130200000000000000MXPDBBVA BANCOMER PRODUCTOS      
32MEX 200000000000000                     00000000000000                     
3300743607018006300200000000000000000000000000000000000000200000000000000MXP
11007436070180063002151127151127200000000000000MXPDBBVA BANCOMER PRODUCTOS      
32MEX 200000000000000                     00000000000000                     
3300743607018006300200000000000000000000000000000000000000200000000000000MXP
11007436070180063002151126151126200000000000000MXPDBBVA BANCOMER PRODUCTOS      
32MEX 200000000000000                     00000000000000                     
3300743607018006300200000000000000000000000000000000000000200000000000000MXP
11007436070180063002151125151125200000000000000MXPDBBVA BANCOMER PRODUCTOS      
32MEX 200000000000000                     00000000000000                     
3300743607018006300200000000000000000000000000000000000000200000000000000MXP
11007436070180063002151124151124200000000000000MXPDBBVA BANCOMER PRODUCTOS      
32MEX 200000000000000                     00000000000000                     
3300743607018006300200000000000000000000000000000000000000200000000000000MXP
11007436070180063002151123151123200000000000000MXP4BBVA BANCOMER PRODUCTOS180   
220074998 151121151123  N06200000000001000          PAGO CUENTA DE TERCERO      
2301BMOV    1461071467 PRUEBAS             0078652008                           
220074177 151123151123  W01100000000001000          TRASPASO A TERCEROS         
2301PRUEBA                        BMRCASH REFBNTC00002569                       
32MEX 200000000000000                     00000000000000                     
3300743607018006300200001000000000010000000100000000001000200000000000000MXP
11007436070180063002151120151120200000000000000MXPDBBVA BANCOMER PRODUCTOS      
32MEX 200000000000000                     00000000000000                     
3300743607018006300200000000000000000000000000000000000000200000000000000MXP
11007436070180063002151119151119200000000000000MXPDBBVA BANCOMER PRODUCTOS      
32MEX 200000000000000                     00000000000000                     
3300743607018006300200000000000000000000000000000000000000200000000000000MXP
11007436070180063002151118151118200000000000000MXPDBBVA BANCOMER PRODUCTOS      
32MEX 200000000000000                     00000000000000                     
3300743607018006300200000000000000000000000000000000000000200000000000000MXP
11007436070180063002151117151117200000000000000MXPDBBVA BANCOMER PRODUCTOS      
32MEX 200000000000000                     00000000000000                     
3300743607018006300200000000000000000000000000000000000000200000000000000MXP
11007436070180063002151113151113200000000000000MXPDBBVA BANCOMER PRODUCTOS      
32MEX 200000000000000                     00000000000000                     
3300743607018006300200000000000000000000000000000000000000200000000000000MXP
11007436070180063002151112151112200000000000000MXPDBBVA BANCOMER PRODUCTOS      
32MEX 200000000000000                     00000000000000                     
3300743607018006300200000000000000000000000000000000000000200000000000000MXP
11007436070180063002151111151111200000000000000MXPDBBVA BANCOMER PRODUCTOS      
32MEX 200000000000000                     00000000000000                     
3300743607018006300200000000000000000000000000000000000000200000000000000MXP
11007436070180063002151110151110200000000000000MXPDBBVA BANCOMER PRODUCTOS      
32MEX 200000000000000                     00000000000000                     
3300743607018006300200000000000000000000000000000000000000200000000000000MXP
11007436070180063002151109151109200000000000000MXPDBBVA BANCOMER PRODUCTOS      
32MEX 200000000000000                     00000000000000                     
3300743607018006300200000000000000000000000000000000000000200000000000000MXP
11007436070180063002151106151106200000000000000MXPDBBVA BANCOMER PRODUCTOS      
32MEX 200000000000000                     00000000000000                     
3300743607018006300200000000000000000000000000000000000000200000000000000MXP
11007436070180063002151105151105200000000000000MXPDBBVA BANCOMER PRODUCTOS      
32MEX 200000000000000                     00000000000000                     
3300743607018006300200000000000000000000000000000000000000200000000000000MXP
11007436070180063002151104151104200000000000000MXPDBBVA BANCOMER PRODUCTOS      
32MEX 200000000000000                     00000000000000                     
3300743607018006300200000000000000000000000000000000000000200000000000000MXP
