11007439880445075734160606160606200000032997576MXP6PROVEEDORES DE LA CONST20    
2200741829160606160606  T09200000000751851          TEF RECIBIDO BAJIO          
23016504690PROCONSA F 1445524 5340 5697 3 1454542585  030                       
2200746007160606160606  T20200000000379388          SPEI RECIBIDOBAJIO          
23014931800PAGO DE FACTURAS A CREDITO PRO 0005074587  030                       
2200746007160606160606  T20200000000078200          SPEI RECIBIDOBAJIO          
23013951100PAGO SEGUN FACT                0005174480  030                       
2200746007160606160606  T20200000000400000          SPEI RECIBIDOBAJIO          
23013948500ABONO FACT.                    0005174135  030                       
2200746007160606160606  T20200000000302550          SPEI RECIBIDOSANTANDER      
23011400656PROCONSA F1400656 MORVIL       0005117525  014                       
2200742235160606160606  HK8200000001029900          DEPOSITO DE CREDITO CB      
2301124027                                9690375209                            
2200742235160606160606  HK8200000000800000          DEPOSITO DE CREDITO CB      
2301123934                                9695737461                            
2200742235160606160606  HK8200000002000000          DEPOSITO DE CREDITO CB      
2301123923                                9695782732                            
2200742235160606160606  HK8200000003133500          DEPOSITO DE CREDITO CB      
2301123918                                9695742791                            
2200742235160606160606  HK8200000000800000          DEPOSITO DE CREDITO CB      
2301123911                                9695737303                            
2200742235160604160606  HK8200000000800000          DEPOSITO DE CREDITO CB      
2301123891                                9695683051                            
2200742235160606160606  HK8200000001098150          DEPOSITO DE CREDITO CB      
2301123885                                9690348864                            
2200742235160604160606  HK8200000001029900          DEPOSITO DE CREDITO CB      
2301123704                                9695571227                            
220074874216060616060633C7220000001854471118544711  DEPOSITO EN EFECTIVO        
2301DEM REF:JUVENTUD20006        8408697  1147684                               
220074874216060616060633C7220000001654175916541759  DEPOSITO EN EFECTIVO        
2301DEM REF:LAZAROCARDENAS1033   8408367  1147684                               
220074874216060616060633C7220000001582491615824916  DEPOSITO EN EFECTIVO        
2301DEM REF:LAZAROCARDENAS1033   8663292  1147684                               
220074874216060616060633C7220000001384072613840726  DEPOSITO EN EFECTIVO        
2301DEM REF:CALLE111055          8407674  1147684                               
220074874216060616060633C7220000001306048313060483  DEPOSITO EN EFECTIVO        
2301DEM REF:JUVENTUD20006        8663732  1147684                               
220074874216060616060633C7220000001240044112400441  DEPOSITO EN EFECTIVO        
2301DEM REF:CUAUHTEMOC1020       8662214  1147684                               
220074874216060616060633C7220000001232411212324112  DEPOSITO EN EFECTIVO        
2301DEM REF:CALLE111055          8662467  1147684                               
220074874216060616060633C7220000001224231112242311  DEPOSITO EN EFECTIVO        
2301DEM REF:NUEVOMEXICALI1084    8407784  1147684                               
220074874216060616060633C7220000001161342211613422  DEPOSITO EN EFECTIVO        
2301DEM REF:CALLENOVENA1122      8408433  1147684                               
220074874216060616060633C7220000001150112411501124  DEPOSITO EN EFECTIVO        
2301DEM REF:CALLENOVENA1122      8663358  1147684                               
220074874216060616060633C7220000001078953910789539  DEPOSITO EN EFECTIVO        
2301DEM REF:CUAUHTEMOC1020       8407454  1147684                               
220074874216060616060633C722000000092004209200420   DEPOSITO EN EFECTIVO        
2301DEM REF:CENTROCIVICO1013     8408752  1147684                               
220074874216060616060633C722000000086322918632291   DEPOSITO EN EFECTIVO        
2301DEM REF:MICHOACAN1064        8663314  1147684                               
220074874216060616060633C722000000084961798496179   DEPOSITO EN EFECTIVO        
2301DEM REF:NUEVOMEXICALI1084    8662588  1147684                               
220074874216060616060633C722000000074772797477279   DEPOSITO EN EFECTIVO        
2301DEM REF:CENTROCIVICO1013     8663765  1147684                               
220074874216060616060633C722000000074374247437424   DEPOSITO EN EFECTIVO        
2301DEM REF:PALACO1045           8663260  1147684                               
220074172 160606160606  V42200000007115586          VENTAS DEBITO               
2301TERMINALES PUNTO DE VENTA             141410802                             
220074874216060616060633C722000000069699256969925   DEPOSITO EN EFECTIVO        
2301DEM REF:PORTICOS1109         8408390  1147684                               
220074874216060616060633C722000000069453326945332   DEPOSITO EN EFECTIVO        
2301DEM REF:PALACO1045           8408356  1147684                               
220074874216060616060633C722000000069024486902448   DEPOSITO EN EFECTIVO        
2301DEM REF:PUEBLA110            8663347  1147684                               
220074172 160606160606  V42200000006339906          VENTAS DEBITO               
2301TERMINALES PUNTO DE VENTA             142161156                             
220074874216060616060633C722000000060064006006400   DEPOSITO EN EFECTIVO        
2301DEM REF:PORTICOS1109         8663325  1147684                               
220074874216060616060633C722000000056572585657258   DEPOSITO EN EFECTIVO        
2301DEM REF:MICHOACAN1064        8408389  1147684                               
220074172 160606160606  V42200000005470238          VENTAS DEBITO               
2301TERMINALES PUNTO DE VENTA             142093250                             
220074874216060616060633C722000000054133485413348   DEPOSITO EN EFECTIVO        
2301DEM REF:PUEBLA110            8408411  1147684                               
220074853716060616060633C722000000050611505061150   DEPOSITO EN EFECTIVO        
2301DEM REF:REFORMA3015          8405914  1147684                               
220074172 160606160606  V42200000004728256          VENTAS DEBITO               
2301TERMINALES PUNTO DE VENTA             141410802                             
220074850416060616060633C722000000046642554664255   DEPOSITO EN EFECTIVO        
2301DEM REF:CASABLANCA2021       8413647  1147684                               
220074172 160606160606  V42200000004478789          VENTAS DEBITO               
2301TERMINALES PUNTO DE VENTA             146742167                             
220074853716060616060633C722000000040963144096314   DEPOSITO EN EFECTIVO        
2301DEM REF:REFORMA3015          8405925  1147684                               
220074850416060616060633C722000000038898493889849   DEPOSITO EN EFECTIVO        
2301DEM REF:CASABLANCA2021       8945926  1147684                               
220074172 160606160606  V42200000003511077          VENTAS DEBITO               
2301TERMINALES PUNTO DE VENTA             144524575                             
220074172 160606160606  V42200000003266262          VENTAS DEBITO               
2301TERMINALES PUNTO DE VENTA             146742167                             
220074853716060616060633C722000000031304103130410   DEPOSITO EN EFECTIVO        
2301DEM REF:REFORMA3015          8787647  1147684                               
220074172 160606160606  V42200000003104175          VENTAS DEBITO               
2301TERMINALES PUNTO DE VENTA             142093250                             
220074172 160606160606  V42200000002994511          VENTAS DEBITO               
2301TERMINALES PUNTO DE VENTA             142161156                             
220074172 160606160606  V42200000002961352          VENTAS DEBITO               
2301TERMINALES PUNTO DE VENTA             142161156                             
220074172 160606160606  V45200000002840616          VENTAS CREDITO              
2301TERMINALES PUNTO DE VENTA             142093250                             
220074172 160606160606  V42200000002786660          VENTAS DEBITO               
2301TERMINALES PUNTO DE VENTA             144976775                             
220074172 160606160606  V42200000002748978          VENTAS DEBITO               
2301TERMINALES PUNTO DE VENTA             144412219                             
220074172 160606160606  V42200000002696680          VENTAS DEBITO               
2301TERMINALES PUNTO DE VENTA             145562145                             
220074172 160606160606  V45200000002559255          VENTAS CREDITO              
2301TERMINALES PUNTO DE VENTA             142161156                             
220074172 160606160606  V42200000002488584          VENTAS DEBITO               
2301TERMINALES PUNTO DE VENTA             141410802                             
220074172 160606160606  V45200000002434550          VENTAS CREDITO              
2301TERMINALES PUNTO DE VENTA             146742167                             
220074172 160606160606  V42200000002407878          VENTAS DEBITO               
2301TERMINALES PUNTO DE VENTA             142093250                             
220074172 160606160606  V45200000002374496          VENTAS CREDITO              
2301TERMINALES PUNTO DE VENTA             142093250                             
220074172 160606160606  V42200000002373040          VENTAS DEBITO               
2301TERMINALES PUNTO DE VENTA             144412219                             
220074172 160606160606  V45200000002315904          VENTAS CREDITO              
2301TERMINALES PUNTO DE VENTA             144524575                             
220074172 160606160606  V42200000002217385          VENTAS DEBITO               
2301TERMINALES PUNTO DE VENTA             144524575                             
2200743974160606160607  C07200000002200481          DEP.CHEQUES DE OTRO BANCO   
2301JUN06 14:52 MEXICO                                                          
2200743974160606160606  M97200000002138485          DEPOSITO CHEQUE BANCOMER    
2301                                                                            
220074172 160606160606  V42200000002107006          VENTAS DEBITO               
2301TERMINALES PUNTO DE VENTA             144660593                             
220074172 160606160606  V45200000002058427          VENTAS CREDITO              
2301TERMINALES PUNTO DE VENTA             142161156                             
220074172 160606160606  V45200000001975572          VENTAS CREDITO              
2301TERMINALES PUNTO DE VENTA             141410802                             
220074172 160606160606  V42200000001951184          VENTAS DEBITO               
2301TERMINALES PUNTO DE VENTA             144976775                             
220074172 160606160606  V42200000001936116          VENTAS DEBITO               
2301TERMINALES PUNTO DE VENTA             145415013                             
220074172 160606160606  V42200000001874114          VENTAS DEBITO               
2301TERMINALES PUNTO DE VENTA             144960951                             
220074172 160606160606  V42200000001830401          VENTAS DEBITO               
2301TERMINALES PUNTO DE VENTA             144412219                             
220074172 160606160606  V42200000001766721          VENTAS DEBITO               
2301TERMINALES PUNTO DE VENTA             144660593                             
220074172 160606160606  V42200000001738206          VENTAS DEBITO               
2301TERMINALES PUNTO DE VENTA             144976775                             
220074172 160606160606  V45200000001656716          VENTAS CREDITO              
2301TERMINALES PUNTO DE VENTA             141410802                             
220074172 160606160606  V42200000001549364          VENTAS DEBITO               
2301TERMINALES PUNTO DE VENTA             146742167                             
220074172 160606160606  V42200000001538139          VENTAS DEBITO               
2301TERMINALES PUNTO DE VENTA             144960951                             
220074172 160606160606  V42200000001488387          VENTAS DEBITO               
2301TERMINALES PUNTO DE VENTA             146097794                             
220074172 160606160606  V42200000001436564          VENTAS DEBITO               
2301TERMINALES PUNTO DE VENTA             144524575                             
220074172 160606160606  V42200000001384268          VENTAS DEBITO               
2301TERMINALES PUNTO DE VENTA             145562145                             
220074172 160606160606  V45200000001319433          VENTAS CREDITO              
2301TERMINALES PUNTO DE VENTA             144976775                             
220074172 160606160606  V45200000001303234          VENTAS CREDITO              
2301TERMINALES PUNTO DE VENTA             141410802                             
220074172 160606160606  V45200000001285997          VENTAS CREDITO              
2301TERMINALES PUNTO DE VENTA             146742167                             
220074172 160606160606  V45200000001265660          VENTAS CREDITO              
2301TERMINALES PUNTO DE VENTA             147865850                             
220074172 160606160606  V45200000001245561          VENTAS CREDITO              
2301TERMINALES PUNTO DE VENTA             146742167                             
220074172 160606160606  V45200000001214480          VENTAS CREDITO              
2301TERMINALES PUNTO DE VENTA             145562145                             
220074172 160606160606  V45200000001200928          VENTAS CREDITO              
2301TERMINALES PUNTO DE VENTA             144524575                             
220074172 16060616060640V01200000001185800          VENTAS TARJETAS BANCARIAS   
2301TERMINALES PUNTO DE VENTA             145562145                             
220074172 160606160606  V42200000001165670          VENTAS DEBITO               
2301TERMINALES PUNTO DE VENTA             144960951                             
220074172 16060616060640V01200000001149658          VENTAS TARJETAS BANCARIAS   
2301TERMINALES PUNTO DE VENTA             144524575                             
220074172 160606160606  V45200000001148403          VENTAS CREDITO              
2301TERMINALES PUNTO DE VENTA             142161156                             
220074172 160606160606  V45200000001130053          VENTAS CREDITO              
2301TERMINALES PUNTO DE VENTA             147865850                             
220074172 160606160606  V45200000001123182          VENTAS CREDITO              
2301TERMINALES PUNTO DE VENTA             144412219                             
220074172 160606160606  V45200000001123173          VENTAS CREDITO              
2301TERMINALES PUNTO DE VENTA             145415013                             
220074172 160606160606  V45200000001057149          VENTAS CREDITO              
2301TERMINALES PUNTO DE VENTA             142093250                             
220074998 160606160606  N06200000001050000          PAGO CUENTA DE TERCERO      
2301BNET    0142399296                     0098912014                           
220074172 160606160606  V45200000001040483          VENTAS CREDITO              
2301TERMINALES PUNTO DE VENTA             146097794                             
220074172 16060616060640V01200000001029900          VENTAS TARJETAS BANCARIAS   
2301TERMINALES PUNTO DE VENTA             144524575                             
220074172 160606160606  V45200000001007817          VENTAS CREDITO              
2301TERMINALES PUNTO DE VENTA             144976775                             
220074172 16060616060640V01200000000997900          VENTAS TARJETAS BANCARIAS   
2301TERMINALES PUNTO DE VENTA             141410802                             
220074172 160606160606  V42200000000985505          VENTAS DEBITO               
2301TERMINALES PUNTO DE VENTA             144660593                             
220074172 160606160606  V45200000000961330          VENTAS CREDITO              
2301TERMINALES PUNTO DE VENTA             144976775                             
220074172 160606160606  V42200000000960863          VENTAS DEBITO               
2301TERMINALES PUNTO DE VENTA             145562145                             
220074172 160606160606  V45200000000923886          VENTAS CREDITO              
2301TERMINALES PUNTO DE VENTA             144524575                             
220074874216060616060633C72200000000922591922591    DEPOSITO EN EFECTIVO        
2301DEM REF:CALLE111055          8662456  1147684                               
220074172 160606160606  V45200000000901208          VENTAS CREDITO              
2301TERMINALES PUNTO DE VENTA             145415013                             
220074172 160606160606  V42200000000877305          VENTAS DEBITO               
2301TERMINALES PUNTO DE VENTA             145415013                             
2200743974160606160607  C07200000000874083          DEP.CHEQUES DE OTRO BANCO   
2301JUN06 14:59 MEXICO                                                          
220074172 160606160606  V42200000000832931          VENTAS DEBITO               
2301TERMINALES PUNTO DE VENTA             144960951                             
220074172 160606160606  V42200000000832484          VENTAS DEBITO               
2301TERMINALES PUNTO DE VENTA             146097794                             
220074172 160606160606  V45200000000813006          VENTAS CREDITO              
2301TERMINALES PUNTO DE VENTA             144660593                             
220074874216060616060633C72200000000810000810000    DEPOSITO EN EFECTIVO        
2301DEM REF:NUEVOMEXICALI1084    8407773  1147684                               
220074172 160606160606  V45200000000803610          VENTAS CREDITO              
2301TERMINALES PUNTO DE VENTA             144412219                             
220074172 160606160606  V42200000000795592          VENTAS DEBITO               
2301TERMINALES PUNTO DE VENTA             145415013                             
220074874216060616060633C72200000000778397778397    DEPOSITO EN EFECTIVO        
2301DEM REF:CENTROCIVICO1013     8408741  1147684                               
220074874216060616060633C72200000000775500775500    DEPOSITO EN EFECTIVO        
2301DEM REF:CALLENOVENA1122      8408422  1147684                               
2200743974160606160607  C07200000000756545          DEP.CHEQUES DE OTRO BANCO   
2301JUN06 14:58 MEXICO                                                          
220074172 160606160606  V42200000000722483          VENTAS DEBITO               
2301TERMINALES PUNTO DE VENTA             147865850                             
220074172 160606160606  V42200000000722002          VENTAS DEBITO               
2301TERMINALES PUNTO DE VENTA             147865850                             
220074172 160606160606  V45200000000705855          VENTAS CREDITO              
2301TERMINALES PUNTO DE VENTA             144412219                             
220074874216060616060633C72200000000700000700000    DEPOSITO EN EFECTIVO        
2301DEM REF:CUAUHTEMOC1020       8407443  1147684                               
2200743974160606160606  M97200000000677900          DEPOSITO CHEQUE BANCOMER    
2301                                                                            
220074635 160606160607  C07200000000652852          DEP.CHEQUES DE OTRO BANCO   
2301JUN06 14:37 MEXICO                                                          
220074172 160606160606  V45200000000639224          VENTAS CREDITO              
2301TERMINALES PUNTO DE VENTA             144960951                             
220074172 160606160606  V45200000000619901          VENTAS CREDITO              
2301TERMINALES PUNTO DE VENTA             144960951                             
220074172 16060616060640V01200000000619900          VENTAS TARJETAS BANCARIAS   
2301TERMINALES PUNTO DE VENTA             147865850                             
2200743974160606160606  M97200000000619900          DEPOSITO CHEQUE BANCOMER    
2301                                                                            
220074172 160606160606  V42200000000573939          VENTAS DEBITO               
2301TERMINALES PUNTO DE VENTA             147865850                             
2200743974160606160607  C07200000000573107          DEP.CHEQUES DE OTRO BANCO   
2301JUN06 14:59 MEXICO                                                          
2200743974160606160607  C07200000000567210          DEP.CHEQUES DE OTRO BANCO   
2301JUN06 14:57 MEXICO                                                          
220074172 160606160606  V45200000000557904          VENTAS CREDITO              
2301TERMINALES PUNTO DE VENTA             144960951                             
220074172 16060616060640V01200000000553900          VENTAS TARJETAS BANCARIAS   
2301TERMINALES PUNTO DE VENTA             142093250                             
220074172 160606160606  V45200000000549940          VENTAS CREDITO              
2301TERMINALES PUNTO DE VENTA             146097794                             
220074172 160606160606  V45200000000543587          VENTAS CREDITO              
2301TERMINALES PUNTO DE VENTA             144660593                             
2200743974160606160607  C07200000000540000          DEP.CHEQUES DE OTRO BANCO   
2301JUN06 15:07 MEXICO                                                          
220074172 160606160606  V45200000000536367          VENTAS CREDITO              
2301TERMINALES PUNTO DE VENTA             147865850                             
220074172 160606160606  V45200000000535298          VENTAS CREDITO              
2301TERMINALES PUNTO DE VENTA             145415013                             
2200743974160606160607  C07200000000532653          DEP.CHEQUES DE OTRO BANCO   
2301JUN06 15:00 MEXICO                                                          
220074172 16060616060640V01200000000529900          VENTAS TARJETAS BANCARIAS   
2301TERMINALES PUNTO DE VENTA             142161156                             
220074998 160605160606  N06200000000526445          PAGO CUENTA DE TERCERO      
2301BNET    0183889467                     0059644009                           
2200743974160606160607  C07200000000524150          DEP.CHEQUES DE OTRO BANCO   
2301JUN06 15:02 MEXICO                                                          
220074172 160606160606  V42200000000518803          VENTAS DEBITO               
2301TERMINALES PUNTO DE VENTA             144524575                             
2200743974160606160607  C07200000000500000          DEP.CHEQUES DE OTRO BANCO   
2301JUN06 15:14 MEXICO                                                          
2200743974160606160607  C07200000000500000          DEP.CHEQUES DE OTRO BANCO   
2301JUN06 15:15 MEXICO                                                          
2200743974160606160607  C07200000000478400          DEP.CHEQUES DE OTRO BANCO   
2301JUN06 15:18 MEXICO                                                          
220074172 16060616060640V01200000000458641          VENTAS TARJETAS BANCARIAS   
2301TERMINALES PUNTO DE VENTA             141410802                             
2200743974160606160607  C07200000000450000          DEP.CHEQUES DE OTRO BANCO   
2301JUN06 15:04 MEXICO                                                          
2200743974160606160607  C07200000000424650          DEP.CHEQUES DE OTRO BANCO   
2301JUN06 15:04 MEXICO                                                          
220074172 160606160606  V42200000000420000          VENTAS DEBITO               
2301TERMINALES PUNTO DE VENTA             147865850                             
220074874216060616060633C72200000000412061412061    DEPOSITO EN EFECTIVO        
2301DEM REF:PALACO1045           8663259  1147684                               
220074172 160606160606  V45200000000409955          VENTAS CREDITO              
2301TERMINALES PUNTO DE VENTA             146097794                             
2200743974160606160607  C07200000000400000          DEP.CHEQUES DE OTRO BANCO   
2301JUN06 15:02 MEXICO                                                          
220074172 160606160606  V42200000000350004          VENTAS DEBITO               
2301TERMINALES PUNTO DE VENTA             144960951                             
220074874216060616060633C72200000000346596346596    DEPOSITO EN EFECTIVO        
2301DEM REF:LAZAROCARDENAS1033   8663281  1147684                               
220074172 160606160606  V42200000000345017          VENTAS DEBITO               
2301TERMINALES PUNTO DE VENTA             144960951                             
220074172 160606160606  V42200000000315196          VENTAS DEBITO               
2301TERMINALES PUNTO DE VENTA             142093250                             
220074635 160606160606  M97200000000311082          DEPOSITO CHEQUE BANCOMER    
2301                                                                            
220074635 160606160606  M97200000000307005          DEPOSITO CHEQUE BANCOMER    
2301                                                                            
220074172 160606160606  V45200000000306334          VENTAS CREDITO              
2301TERMINALES PUNTO DE VENTA             145562145                             
2200743974160606160607  C07200000000300000          DEP.CHEQUES DE OTRO BANCO   
2301JUN06 15:03 MEXICO                                                          
2200743974160606160607  C07200000000283185          DEP.CHEQUES DE OTRO BANCO   
2301JUN06 14:58 MEXICO                                                          
220074172 160606160606  V45200000000277198          VENTAS CREDITO              
2301TERMINALES PUNTO DE VENTA             145562145                             
220074172 16060616060640V01200000000272001          VENTAS TARJETAS BANCARIAS   
2301TERMINALES PUNTO DE VENTA             142093250                             
220074172 160606160606  V45200000000265500          VENTAS CREDITO              
2301TERMINALES PUNTO DE VENTA             144960951                             
2200743974160606160607  C07200000000233159          DEP.CHEQUES DE OTRO BANCO   
2301JUN06 14:53 MEXICO                                                          
220074172 160606160606  V42200000000212980          VENTAS DEBITO               
2301TERMINALES PUNTO DE VENTA             146097794                             
220074874216060616060633C72200000000202504202504    DEPOSITO EN EFECTIVO        
2301DEM REF:CENTROCIVICO1013     8663754  1147684                               
220074874216060616060633C72200000000200000200000    DEPOSITO EN EFECTIVO        
2301DEM REF:PUEBLA110            8663336  1147684                               
2200743974160606160607  C07200000000199924          DEP.CHEQUES DE OTRO BANCO   
2301JUN06 15:00 MEXICO                                                          
2200743974160606160606  M97200000000195400          DEPOSITO CHEQUE BANCOMER    
2301                                                                            
2200743974160606160607  C07200000000193149          DEP.CHEQUES DE OTRO BANCO   
2301JUN06 14:54 MEXICO                                                          
220074635 160606160606  M97200000000176018          DEPOSITO CHEQUE BANCOMER    
2301                                                                            
220074177 160606160606  W02200000000172801          DEPOSITO DE TERCERO         
2301F-A1459822                    BMRCASH REFBNTC00286230                       
2200743974160606160606  M97200000000169768          DEPOSITO CHEQUE BANCOMER    
2301                                                                            
2200743974160606160607  C07200000000151364          DEP.CHEQUES DE OTRO BANCO   
2301JUN06 14:53 MEXICO                                                          
2200743974160606160606  M97200000000150167          DEPOSITO CHEQUE BANCOMER    
2301                                                                            
2200743974160606160606  M97200000000148012          DEPOSITO CHEQUE BANCOMER    
2301                                                                            
220074635 160606160607  C07200000000144850          DEP.CHEQUES DE OTRO BANCO   
2301JUN06 14:38 MEXICO                                                          
2200743974160606160607  C07200000000137498          DEP.CHEQUES DE OTRO BANCO   
2301JUN06 14:57 MEXICO                                                          
2200743974160606160607  C07200000000136578          DEP.CHEQUES DE OTRO BANCO   
2301JUN06 14:56 MEXICO                                                          
2200743974160606160606  M97200000000136576          DEPOSITO CHEQUE BANCOMER    
2301                                                                            
220074172 160606160606  V45200000000136001          VENTAS CREDITO              
2301TERMINALES PUNTO DE VENTA             144960951                             
220074172 160606160606  V45200000000123991          VENTAS CREDITO              
2301TERMINALES PUNTO DE VENTA             144660593                             
220074177 160606160606  W02200000000115171          DEPOSITO DE TERCERO         
2301F- A1457533                   BMRCASH REFBNTC00286230                       
220074635 160606160606  M97200000000113832          DEPOSITO CHEQUE BANCOMER    
2301                                                                            
2200743974160606160606  M97200000000113832          DEPOSITO CHEQUE BANCOMER    
2301                                                                            
2200743974160606160606  M97200000000111572          DEPOSITO CHEQUE BANCOMER    
2301                                                                            
2200743974160606160606  M97200000000111434          DEPOSITO CHEQUE BANCOMER    
2301                                                                            
220074998 160606160606  N06200000000107823          PAGO CUENTA DE TERCERO      
2301BNET    0181641298                     0040744045                           
2200743974160606160607  C07200000000107203          DEP.CHEQUES DE OTRO BANCO   
2301JUN06 14:56 MEXICO                                                          
220074635 160606160606  M97200000000104271          DEPOSITO CHEQUE BANCOMER    
2301                                                                            
220074635 160606160606  M97200000000104271          DEPOSITO CHEQUE BANCOMER    
2301                                                                            
2200743974160606160606  M97200000000104271          DEPOSITO CHEQUE BANCOMER    
2301                                                                            
2200743974160606160606  M97200000000104271          DEPOSITO CHEQUE BANCOMER    
2301                                                                            
2200743974160606160606  M97200000000104271          DEPOSITO CHEQUE BANCOMER    
2301                                                                            
2200743974160606160606  M97200000000104271          DEPOSITO CHEQUE BANCOMER    
2301                                                                            
2200743974160606160606  M97200000000104271          DEPOSITO CHEQUE BANCOMER    
2301                                                                            
2200743974160606160606  M97200000000104129          DEPOSITO CHEQUE BANCOMER    
2301                                                                            
220074635 160606160606  M97200000000104129          DEPOSITO CHEQUE BANCOMER    
2301                                                                            
2200743974160606160606  M97200000000101833          DEPOSITO CHEQUE BANCOMER    
2301                                                                            
2200743974160606160606  M97200000000101021          DEPOSITO CHEQUE BANCOMER    
2301                                                                            
2200743974160606160606  M97200000000101021          DEPOSITO CHEQUE BANCOMER    
2301                                                                            
2200743974160606160606  M97200000000101021          DEPOSITO CHEQUE BANCOMER    
2301                                                                            
2200743974160606160606  M97200000000101021          DEPOSITO CHEQUE BANCOMER    
2301                                                                            
2200743974160606160606  M97200000000101021          DEPOSITO CHEQUE BANCOMER    
2301                                                                            
2200743974160606160606  M97200000000100556          DEPOSITO CHEQUE BANCOMER    
2301                                                                            
2200748742160606160606  C76200000000100017100017    SOBRANTE DE EFECTIVO        
2301DEM REF:JUVENTUD20006        8663732  1147684                               
220074874216060616060633C72200000000100000100000    DEPOSITO EN EFECTIVO        
2301DEM REF:LAZAROCARDENAS1033   8663270  1147684                               
220074172 160606160606  V42200000000100000          VENTAS DEBITO               
2301TERMINALES PUNTO DE VENTA             146742167                             
220074172 160606160606  V42200000000100000          VENTAS DEBITO               
2301TERMINALES PUNTO DE VENTA             141410802                             
220074172 160606160606  V42200000000099758          VENTAS DEBITO               
2301TERMINALES PUNTO DE VENTA             145562145                             
2200743974160606160606  M97200000000098811          DEPOSITO CHEQUE BANCOMER    
2301                                                                            
2200743974160606160606  M97200000000098811          DEPOSITO CHEQUE BANCOMER    
2301                                                                            
2200743974160606160606  M97200000000098506          DEPOSITO CHEQUE BANCOMER    
2301                                                                            
2200743974160606160606  M97200000000096957          DEPOSITO CHEQUE BANCOMER    
2301                                                                            
2200743974160606160606  M97200000000095707          DEPOSITO CHEQUE BANCOMER    
2301                                                                            
2200743974160606160606  M97200000000095561          DEPOSITO CHEQUE BANCOMER    
2301                                                                            
220074635 160606160606  M97200000000095561          DEPOSITO CHEQUE BANCOMER    
2301                                                                            
2200743974160606160606  M97200000000095561          DEPOSITO CHEQUE BANCOMER    
2301                                                                            
2200743974160606160606  M97200000000095561          DEPOSITO CHEQUE BANCOMER    
2301                                                                            
220074172 160606160606  V42200000000094100          VENTAS DEBITO               
2301TERMINALES PUNTO DE VENTA             145562145                             
220074172 160606160606  V42200000000086489          VENTAS DEBITO               
2301TERMINALES PUNTO DE VENTA             141410802                             
2200743974160606160607  C07200000000085500          DEP.CHEQUES DE OTRO BANCO   
2301JUN06 14:58 MEXICO                                                          
2200743974160606160606  M97200000000080321          DEPOSITO CHEQUE BANCOMER    
2301                                                                            
2200743974160606160606  M97200000000074939          DEPOSITO CHEQUE BANCOMER    
2301                                                                            
220074998 160606160606  N06200000000072633          PAGO CUENTA DE TERCERO      
2301BNET    0186715559                     0029130013                           
220074172 160606160606  V42200000000069600          VENTAS DEBITO               
2301TERMINALES PUNTO DE VENTA             144976775                             
2200743974160606160606  M97200000000066926          DEPOSITO CHEQUE BANCOMER    
2301                                                                            
2200743974160606160606  M97200000000066691          DEPOSITO CHEQUE BANCOMER    
2301                                                                            
220074172 160606160606  V42200000000065300          VENTAS DEBITO               
2301TERMINALES PUNTO DE VENTA             144976775                             
2200743974160606160606  M97200000000059135          DEPOSITO CHEQUE BANCOMER    
2301                                                                            
2200743974160606160606  M97200000000053855          DEPOSITO CHEQUE BANCOMER    
2301                                                                            
220074172 160606160606  V42200000000051000          VENTAS DEBITO               
2301TERMINALES PUNTO DE VENTA             144976775                             
220074172 160606160606  V42200000000046584          VENTAS DEBITO               
2301TERMINALES PUNTO DE VENTA             142093250                             
220074874216060616060633C7220000000004447244472     DEPOSITO EN EFECTIVO        
2301DEM REF:CUAUHTEMOC1020       8662203  1147684                               
220074874216060616060633C7220000000003950039500     DEPOSITO EN EFECTIVO        
2301DEM REF:MICHOACAN1064        8408378  1147684                               
2200743974160606160606  M97200000000038900          DEPOSITO CHEQUE BANCOMER    
2301                                                                            
220074172 160606160606  V45200000000033350          VENTAS CREDITO              
2301TERMINALES PUNTO DE VENTA             142093250                             
2200743974160606160606  M97200000000031760          DEPOSITO CHEQUE BANCOMER    
2301                                                                            
220074874216060616060633C7220000000003000030000     DEPOSITO EN EFECTIVO        
2301DEM REF:CUAUHTEMOC1020       8662192  1147684                               
220074874216060616060633C7220000000002827128271     DEPOSITO EN EFECTIVO        
2301DEM REF:PUEBLA110            8408400  1147684                               
2200743974160606160607  C07200000000026302          DEP.CHEQUES DE OTRO BANCO   
2301JUN06 15:00 MEXICO                                                          
2200743974160606160607  C07200000000025039          DEP.CHEQUES DE OTRO BANCO   
2301JUN06 14:55 MEXICO                                                          
2200743974160606160607  C07200000000024200          DEP.CHEQUES DE OTRO BANCO   
2301JUN06 15:09 MEXICO                                                          
220074172 160606160606  V42200000000022500          VENTAS DEBITO               
2301TERMINALES PUNTO DE VENTA             142161156                             
220074172 160606160606  V42200000000020000          VENTAS DEBITO               
2301TERMINALES PUNTO DE VENTA             144660593                             
2200743974160606160606  M97200000000019042          DEPOSITO CHEQUE BANCOMER    
2301                                                                            
2200743974160606160606  M97200000000016894          DEPOSITO CHEQUE BANCOMER    
2301                                                                            
2200743974160606160606  M97200000000016894          DEPOSITO CHEQUE BANCOMER    
2301                                                                            
220074172 160606160606  V42200000000015000          VENTAS DEBITO               
2301TERMINALES PUNTO DE VENTA             146742167                             
220074172 160606160606  V42200000000010000          VENTAS DEBITO               
2301TERMINALES PUNTO DE VENTA             142093250                             
220074172 160606160606  V42200000000007600          VENTAS DEBITO               
2301TERMINALES PUNTO DE VENTA             147865850                             
220074172 160606160606  V42200000000001700          VENTAS DEBITO               
2301TERMINALES PUNTO DE VENTA             144412219                             
2200748742160606160606  C76200000000000289289       SOBRANTE DE EFECTIVO        
2301DEM REF:JUVENTUD20006        8408697  1147684                               
2200748742160606160606  C7620000000000008080        SOBRANTE DE EFECTIVO        
2301DEM REF:CENTROCIVICO1013     8408752  1147684                               
2200748742160606160606  C7620000000000005959        SOBRANTE DE EFECTIVO        
2301DEM REF:CUAUHTEMOC1020       8662214  1147684                               
2200748742160606160606  C7620000000000002929        SOBRANTE DE EFECTIVO        
2301DEM REF:PUEBLA110            8408400  1147684                               
2200748742160606160606  C7620000000000002828        SOBRANTE DE EFECTIVO        
2301DEM REF:CUAUHTEMOC1020       8662203  1147684                               
2200748742160606160606  C7620000000000002525        SOBRANTE DE EFECTIVO        
2301DEM REF:PORTICOS1109         8408390  1147684                               
2200748742160606160606  C7620000000000002121        SOBRANTE DE EFECTIVO        
2301DEM REF:NUEVOMEXICALI1084    8662588  1147684                               
2200748742160606160606  C7620000000000001414        SOBRANTE DE EFECTIVO        
2301DEM REF:LAZAROCARDENAS1033   8663292  1147684                               
2200748742160606160606  C762000000000000099         SOBRANTE DE EFECTIVO        
2301DEM REF:MICHOACAN1064        8663314  1147684                               
2200748742160606160606  C762000000000000099         SOBRANTE DE EFECTIVO        
2301DEM REF:CALLE111055          8662456  1147684                               
2200748742160606160606  C762000000000000022         SOBRANTE DE EFECTIVO        
2301DEM REF:PUEBLA110            8663347  1147684                               
2200748742160606160606  C762000000000000022         SOBRANTE DE EFECTIVO        
2301DEM REF:PUEBLA110            8408411  1147684                               
2200748742160606160606  C762000000000000011         SOBRANTE DE EFECTIVO        
2301DEM REF:CUAUHTEMOC1020       8407454  1147684                               
2200748537160606160606  C762000000000000011         SOBRANTE DE EFECTIVO        
2301DEM REF:REFORMA3015          8405925  1147684                               
2200748504160606160606  C762000000000000011         SOBRANTE DE EFECTIVO        
2301DEM REF:CASABLANCA2021       8945926  1147684                               
220074177 160606160606  T17100000000753912          SPEI ENVIADO BANORTE/IXE    
23010060616F M 34108 PROCONSA             0000110054  072                       
2200748742160606160606  C77100000000000001          FALTANTE DE EFECTIVO        
2301DEM REF:NUEVOMEXICALI1084    8407784  1147684                               
2200748742160606160606  C77100000000000001          FALTANTE DE EFECTIVO        
2301DEM REF:PALACO1045           8663259  1147684                               
2200748742160606160606  C77100000000000002          FALTANTE DE EFECTIVO        
2301DEM REF:PALACO1045           8408356  1147684                               
2200748742160606160606  C77100000000000002          FALTANTE DE EFECTIVO        
2301DEM REF:CALLENOVENA1122      8408433  1147684                               
2200748742160606160606  C77100000000000004          FALTANTE DE EFECTIVO        
2301DEM REF:CALLENOVENA1122      8663358  1147684                               
2200748742160606160606  C77100000000000004          FALTANTE DE EFECTIVO        
2301DEM REF:PALACO1045           8663260  1147684                               
2200748742160606160606  C77100000000000004          FALTANTE DE EFECTIVO        
2301DEM REF:CENTROCIVICO1013     8663754  1147684                               
220074172 160606160606VAV44100000000000004          IVA COM. VENTAS DEBITO      
2301TERMINALES PUNTO DE VENTA             174412219                             
2200748504160606160606  C77100000000000005          FALTANTE DE EFECTIVO        
2301DEM REF:CASABLANCA2021       8413647  1147684                               
2200748742160606160606  C77100000000000006          FALTANTE DE EFECTIVO        
2301DEM REF:CALLE111055          8407674  1147684                               
2200748742160606160606  C77100000000000006          FALTANTE DE EFECTIVO        
2301DEM REF:LAZAROCARDENAS1033   8663281  1147684                               
2200748742160606160606  C77100000000000008          FALTANTE DE EFECTIVO        
2301DEM REF:MICHOACAN1064        8408389  1147684                               
2200748742160606160606  C77100000000000009          FALTANTE DE EFECTIVO        
2301DEM REF:LAZAROCARDENAS1033   8408367  1147684                               
220074172 160606160606VAV41100000000000010          IVA TRANSACCION EXITOSA     
2301                                      002161156                             
220074172 160606160606VAV41100000000000010          IVA TRANSACCION EXITOSA     
2301                                      004660593                             
220074172 160606160606VAV41100000000000010          IVA TRANSACCION EXITOSA     
2301                                      002161156                             
2200748742160606160606  C77100000000000012          FALTANTE DE EFECTIVO        
2301DEM REF:CALLE111055          8662467  1147684                               
220074172 160606160606VAV41100000000000021          IVA TRANSACCION EXITOSA     
2301                                      004976775                             
220074172 160606160606VAV44100000000000022          IVA COM. VENTAS DEBITO      
2301TERMINALES PUNTO DE VENTA             172093250                             
220074172 160606160606OMV43100000000000023          COMISION VENTAS DEBITO      
2301TERMINALES PUNTO DE VENTA             174412219                             
220074172 160606160606VAV44100000000000024          IVA COM. VENTAS DEBITO      
2301TERMINALES PUNTO DE VENTA             177865850                             
2200748742160606160606  C77100000000000029          FALTANTE DE EFECTIVO        
2301DEM REF:CENTROCIVICO1013     8663765  1147684                               
220074172 160606160606VAV41100000000000031          IVA TRANSACCION EXITOSA     
2301                                      004976775                             
220074172 160606160606VAV44100000000000034          IVA COM. VENTAS DEBITO      
2301TERMINALES PUNTO DE VENTA             176742167                             
220074172 160606160606VAV41100000000000042          IVA TRANSACCION EXITOSA     
2301                                      004976775                             
220074172 160606160606VAV44100000000000045          IVA COM. VENTAS DEBITO      
2301TERMINALES PUNTO DE VENTA             174660593                             
220074172 160606160606VAV44100000000000050          IVA COM. VENTAS DEBITO      
2301TERMINALES PUNTO DE VENTA             172161156                             
220074172 160606160606OMV40100000000000065          CUOTA TRANSACCION EXITOSA   
2301EN TERMINAL PUNTO DE VENTA (TPV)      002161156                             
220074172 160606160606OMV40100000000000065          CUOTA TRANSACCION EXITOSA   
2301EN TERMINAL PUNTO DE VENTA (TPV)      004660593                             
220074172 160606160606OMV40100000000000065          CUOTA TRANSACCION EXITOSA   
2301EN TERMINAL PUNTO DE VENTA (TPV)      002161156                             
2200748742160606160606  C77100000000000097          FALTANTE DE EFECTIVO        
2301DEM REF:CENTROCIVICO1013     8408741  1147684                               
220074172 160606160606VAV44100000000000104          IVA COM. VENTAS DEBITO      
2301TERMINALES PUNTO DE VENTA             172093250                             
220074172 160606160606VAV44100000000000114          IVA COM. VENTAS DEBITO      
2301TERMINALES PUNTO DE VENTA             174976775                             
220074172 160606160606VAV47100000000000117          IVA COM. VENTAS CREDITO     
2301TERMINALES PUNTO DE VENTA             172093250                             
220074172 160606160606OMV40100000000000130          CUOTA TRANSACCION EXITOSA   
2301EN TERMINAL PUNTO DE VENTA (TPV)      004976775                             
220074172 160606160606OMV43100000000000140          COMISION VENTAS DEBITO      
2301TERMINALES PUNTO DE VENTA             172093250                             
220074172 160606160606VAV44100000000000146          IVA COM. VENTAS DEBITO      
2301TERMINALES PUNTO DE VENTA             174976775                             
220074172 160606160606OMV43100000000000148          COMISION VENTAS DEBITO      
2301TERMINALES PUNTO DE VENTA             177865850                             
220074172 160606160606VAV44100000000000156          IVA COM. VENTAS DEBITO      
2301TERMINALES PUNTO DE VENTA             174976775                             
220074172 160606160606VAV44100000000000194          IVA COM. VENTAS DEBITO      
2301TERMINALES PUNTO DE VENTA             171410802                             
220074172 160606160606OMV40100000000000195          CUOTA TRANSACCION EXITOSA   
2301EN TERMINAL PUNTO DE VENTA (TPV)      004976775                             
220074172 160606160606OMV43100000000000210          COMISION VENTAS DEBITO      
2301TERMINALES PUNTO DE VENTA             176742167                             
220074172 160606160606VAV44100000000000211          IVA COM. VENTAS DEBITO      
2301TERMINALES PUNTO DE VENTA             175562145                             
220074172 160606160606VAV44100000000000223          IVA COM. VENTAS DEBITO      
2301TERMINALES PUNTO DE VENTA             175562145                             
220074172 160606160606VAV44100000000000224          IVA COM. VENTAS DEBITO      
2301TERMINALES PUNTO DE VENTA             171410802                             
220074172 160606160606VAV44100000000000224          IVA COM. VENTAS DEBITO      
2301TERMINALES PUNTO DE VENTA             176742167                             
220074172 160606160606OMV40100000000000260          CUOTA TRANSACCION EXITOSA   
2301EN TERMINAL PUNTO DE VENTA (TPV)      004976775                             
220074172 160606160606OMV43100000000000280          COMISION VENTAS DEBITO      
2301TERMINALES PUNTO DE VENTA             174660593                             
220074172 160606160606VAV44100000000000288          IVA COM. VENTAS DEBITO      
2301TERMINALES PUNTO DE VENTA             174960951                             
220074172 160606160606VAV44100000000000288          IVA COM. VENTAS DEBITO      
2301TERMINALES PUNTO DE VENTA             177865850                             
220074172 160606160606OMV43100000000000315          COMISION VENTAS DEBITO      
2301TERMINALES PUNTO DE VENTA             172161156                             
220074172 160606160606VAV44100000000000355          IVA COM. VENTAS DEBITO      
2301TERMINALES PUNTO DE VENTA             174524575                             
220074172 160606160606VAV44100000000000420          IVA COM. VENTAS DEBITO      
2301TERMINALES PUNTO DE VENTA             172093250                             
220074172 160606160606VAV47100000000000436          IVA COM. VENTAS CREDITO     
2301TERMINALES PUNTO DE VENTA             174660593                             
220074172 160606160606VAV44100000000000476          IVA COM. VENTAS DEBITO      
2301TERMINALES PUNTO DE VENTA             176097794                             
220074172 160606160606VAV47100000000000479          IVA COM. VENTAS CREDITO     
2301TERMINALES PUNTO DE VENTA             174960951                             
220074172 160606160606OMV43100000000000650          COMISION VENTAS DEBITO      
2301TERMINALES PUNTO DE VENTA             172093250                             
220074172 160606160606OMV43100000000000714          COMISION VENTAS DEBITO      
2301TERMINALES PUNTO DE VENTA             174976775                             
220074172 160606160606OMV46100000000000733          COMISION VENTAS CREDITO     
2301TERMINALES PUNTO DE VENTA             172093250                             
220074172 160606160606VAV44100000000000772          IVA COM. VENTAS DEBITO      
2301TERMINALES PUNTO DE VENTA             174960951                             
220074172 160606160606VAV44100000000000781          IVA COM. VENTAS DEBITO      
2301TERMINALES PUNTO DE VENTA             174960951                             
220074172 160606160606OMV43100000000000914          COMISION VENTAS DEBITO      
2301TERMINALES PUNTO DE VENTA             174976775                             
220074172 160606160606VAV47100000000000934          IVA COM. VENTAS CREDITO     
2301TERMINALES PUNTO DE VENTA             174960951                             
220074172 160606160606OMV43100000000000974          COMISION VENTAS DEBITO      
2301TERMINALES PUNTO DE VENTA             174976775                             
220074172 160606160606VAV47100000000000975          IVA COM. VENTAS CREDITO     
2301TERMINALES PUNTO DE VENTA             175562145                             
220074172 160606160606VAV47100000000001078          IVA COM. VENTAS CREDITO     
2301TERMINALES PUNTO DE VENTA             175562145                             
220074172 160606160606OMV43100000000001210          COMISION VENTAS DEBITO      
2301TERMINALES PUNTO DE VENTA             171410802                             
220074172 160606160606OMV43100000000001316          COMISION VENTAS DEBITO      
2301TERMINALES PUNTO DE VENTA             175562145                             
220074172 160606160606OMV43100000000001395          COMISION VENTAS DEBITO      
2301TERMINALES PUNTO DE VENTA             175562145                             
220074172 160606160606OMV43100000000001400          COMISION VENTAS DEBITO      
2301TERMINALES PUNTO DE VENTA             171410802                             
220074172 160606160606OMV43100000000001400          COMISION VENTAS DEBITO      
2301TERMINALES PUNTO DE VENTA             176742167                             
220074172 160606160606VAV47100000000001442          IVA COM. VENTAS CREDITO     
2301TERMINALES PUNTO DE VENTA             176097794                             
220074172 160606160606VAV44100000000001502          IVA COM. VENTAS DEBITO      
2301TERMINALES PUNTO DE VENTA             177865850                             
220074172 160606160606VAV44100000000001525          IVA COM. VENTAS DEBITO      
2301TERMINALES PUNTO DE VENTA             176097794                             
220074172 160606160606VAV44100000000001672          IVA COM. VENTAS DEBITO      
2301TERMINALES PUNTO DE VENTA             175415013                             
220074172 160606160606VAV44100000000001730          IVA COM. VENTAS DEBITO      
2301TERMINALES PUNTO DE VENTA             177865850                             
220074172 160606160606OMV43100000000001800          COMISION VENTAS DEBITO      
2301TERMINALES PUNTO DE VENTA             174960951                             
220074172 160606160606OMV43100000000001800          COMISION VENTAS DEBITO      
2301TERMINALES PUNTO DE VENTA             177865850                             
220074172 160606160606VAV47100000000001883          IVA COM. VENTAS CREDITO     
2301TERMINALES PUNTO DE VENTA             175415013                             
220074172 160606160606VAV47100000000001913          IVA COM. VENTAS CREDITO     
2301TERMINALES PUNTO DE VENTA             174660593                             
220074172 160606160606VAV47100000000001935          IVA COM. VENTAS CREDITO     
2301TERMINALES PUNTO DE VENTA             176097794                             
220074172 160606160606VAV44100000000001937          IVA COM. VENTAS DEBITO      
2301TERMINALES PUNTO DE VENTA             177865850                             
220074172 160606160606VAV44100000000001954          IVA COM. VENTAS DEBITO      
2301TERMINALES PUNTO DE VENTA             175562145                             
220074172 160606160606VAV47100000000001962          IVA COM. VENTAS CREDITO     
2301TERMINALES PUNTO DE VENTA             174960951                             
220074172 160606160606VAV44100000000001963          IVA COM. VENTAS DEBITO      
2301TERMINALES PUNTO DE VENTA             175415013                             
220074172 160606160606VAV44100000000002097          IVA COM. VENTAS DEBITO      
2301TERMINALES PUNTO DE VENTA             174660593                             
220074172 160606160606VAV47100000000002102          IVA COM. VENTAS CREDITO     
2301TERMINALES PUNTO DE VENTA             177865850                             
220074172 160606160606VAV44100000000002148          IVA COM. VENTAS DEBITO      
2301TERMINALES PUNTO DE VENTA             174524575                             
220074172 160606160606VAV47100000000002182          IVA COM. VENTAS CREDITO     
2301TERMINALES PUNTO DE VENTA             174960951                             
220074172 160606160606OMV43100000000002218          COMISION VENTAS DEBITO      
2301TERMINALES PUNTO DE VENTA             174524575                             
220074172 160606160606VAV44100000000002246          IVA COM. VENTAS DEBITO      
2301TERMINALES PUNTO DE VENTA             174960951                             
220074172 160606160606VAV47100000000002249          IVA COM. VENTAS CREDITO     
2301TERMINALES PUNTO DE VENTA             174960951                             
220074172 160606160606VAV47100000000002483          IVA COM. VENTAS CREDITO     
2301TERMINALES PUNTO DE VENTA             174412219                             
220074172 160606160606VAV44100000000002503          IVA COM. VENTAS DEBITO      
2301TERMINALES PUNTO DE VENTA             174412219                             
220074172 160606160606VAV44100000000002527          IVA COM. VENTAS DEBITO      
2301TERMINALES PUNTO DE VENTA             174960951                             
220074172 160606160606VAV44100000000002601          IVA COM. VENTAS DEBITO      
2301TERMINALES PUNTO DE VENTA             175415013                             
220074172 160606160606OMV43100000000002627          COMISION VENTAS DEBITO      
2301TERMINALES PUNTO DE VENTA             172093250                             
220074172 160606160606OMV46100000000002724          COMISION VENTAS CREDITO     
2301TERMINALES PUNTO DE VENTA             174660593                             
220074172 160606160606VAV44100000000002747          IVA COM. VENTAS DEBITO      
2301TERMINALES PUNTO DE VENTA             175562145                             
220074172 160606160606VAV44100000000002790          IVA COM. VENTAS DEBITO      
2301TERMINALES PUNTO DE VENTA             176097794                             
220074172 160606160606VAV47100000000002828          IVA COM. VENTAS CREDITO     
2301TERMINALES PUNTO DE VENTA             174412219                             
220074172 160606160606VAV47100000000002861          IVA COM. VENTAS CREDITO     
2301TERMINALES PUNTO DE VENTA             174660593                             
220074172 160606160606OMV43100000000002972          COMISION VENTAS DEBITO      
2301TERMINALES PUNTO DE VENTA             176097794                             
220074172 160606160606VAV44100000000002981          IVA COM. VENTAS DEBITO      
2301TERMINALES PUNTO DE VENTA             174660593                             
220074172 160606160606OMV46100000000002992          COMISION VENTAS CREDITO     
2301TERMINALES PUNTO DE VENTA             174960951                             
220074172 160606160606VAV44100000000003112          IVA COM. VENTAS DEBITO      
2301TERMINALES PUNTO DE VENTA             175562145                             
220074172 160606160606VAV47100000000003171          IVA COM. VENTAS CREDITO     
2301TERMINALES PUNTO DE VENTA             175415013                             
220074172 160606160606VAV47100000000003250          IVA COM. VENTAS CREDITO     
2301TERMINALES PUNTO DE VENTA             174524575                             
220074172 160606160606VAV47100000000003382          IVA COM. VENTAS CREDITO     
2301TERMINALES PUNTO DE VENTA             174976775                             
220074172 160606160606VAV44100000000003412          IVA COM. VENTAS DEBITO      
2301TERMINALES PUNTO DE VENTA             176742167                             
220074172 160606160606VAV44100000000003534          IVA COM. VENTAS DEBITO      
2301TERMINALES PUNTO DE VENTA             174960951                             
220074172 160606160606VAV47100000000003546          IVA COM. VENTAS CREDITO     
2301TERMINALES PUNTO DE VENTA             174976775                             
220074172 160606160606VAV44100000000003549          IVA COM. VENTAS DEBITO      
2301TERMINALES PUNTO DE VENTA             174976775                             
220074172 160606160606VAV44100000000003556          IVA COM. VENTAS DEBITO      
2301TERMINALES PUNTO DE VENTA             174660593                             
220074172 160606160606VAV44100000000003573          IVA COM. VENTAS DEBITO      
2301TERMINALES PUNTO DE VENTA             174412219                             
220074172 160606160606VAV47100000000003661          IVA COM. VENTAS CREDITO     
2301TERMINALES PUNTO DE VENTA             176097794                             
220074172 160606160606VAV47100000000003719          IVA COM. VENTAS CREDITO     
2301TERMINALES PUNTO DE VENTA             172093250                             
220074172 160606160606VAV47100000000003952          IVA COM. VENTAS CREDITO     
2301TERMINALES PUNTO DE VENTA             175415013                             
220074172 160606160606VAV47100000000003953          IVA COM. VENTAS CREDITO     
2301TERMINALES PUNTO DE VENTA             174412219                             
220074172 160606160606VAV47100000000004040          IVA COM. VENTAS CREDITO     
2301TERMINALES PUNTO DE VENTA             172161156                             
220074172 160606160606VAV44100000000004181          IVA COM. VENTAS DEBITO      
2301TERMINALES PUNTO DE VENTA             174976775                             
220074172 160606160606VAV47100000000004225          IVA COM. VENTAS CREDITO     
2301TERMINALES PUNTO DE VENTA             174524575                             
220074172 160606160606VAV47100000000004274          IVA COM. VENTAS CREDITO     
2301TERMINALES PUNTO DE VENTA             175562145                             
220074172 160606160606VAV47100000000004382          IVA COM. VENTAS CREDITO     
2301TERMINALES PUNTO DE VENTA             176742167                             
220074172 160606160606VAV47100000000004429          IVA COM. VENTAS CREDITO     
2301TERMINALES PUNTO DE VENTA             177865850                             
220074172 160606160606VAV47100000000004524          IVA COM. VENTAS CREDITO     
2301TERMINALES PUNTO DE VENTA             176742167                             
220074172 160606160606VAV44100000000004564          IVA COM. VENTAS DEBITO      
2301TERMINALES PUNTO DE VENTA             172093250                             
220074172 160606160606VAV47100000000004586          IVA COM. VENTAS CREDITO     
2301TERMINALES PUNTO DE VENTA             171410802                             
220074172 160606160606VAV47100000000004643          IVA COM. VENTAS CREDITO     
2301TERMINALES PUNTO DE VENTA             174976775                             
220074172 160606160606VAV44100000000004721          IVA COM. VENTAS DEBITO      
2301TERMINALES PUNTO DE VENTA             174524575                             
220074172 160606160606OMV43100000000004827          COMISION VENTAS DEBITO      
2301TERMINALES PUNTO DE VENTA             174960951                             
220074172 160606160606OMV43100000000004883          COMISION VENTAS DEBITO      
2301TERMINALES PUNTO DE VENTA             174960951                             
220074172 160606160606VAV47100000000004960          IVA COM. VENTAS CREDITO     
2301TERMINALES PUNTO DE VENTA             177865850                             
220074172 160606160606VAV44100000000004987          IVA COM. VENTAS DEBITO      
2301TERMINALES PUNTO DE VENTA             174412219                             
220074172 160606160606VAV44100000000004997          IVA COM. VENTAS DEBITO      
2301TERMINALES PUNTO DE VENTA             171410802                             
220074172 160606160606VAV44100000000005101          IVA COM. VENTAS DEBITO      
2301TERMINALES PUNTO DE VENTA             172093250                             
220074172 160606160606VAV44100000000005155          IVA COM. VENTAS DEBITO      
2301TERMINALES PUNTO DE VENTA             174976775                             
220074172 160606160606VAV47100000000005828          IVA COM. VENTAS CREDITO     
2301TERMINALES PUNTO DE VENTA             171410802                             
220074172 160606160606OMV46100000000005837          COMISION VENTAS CREDITO     
2301TERMINALES PUNTO DE VENTA             174960951                             
220074172 160606160606VAV44100000000005907          IVA COM. VENTAS DEBITO      
2301TERMINALES PUNTO DE VENTA             174524575                             
220074172 160606160606OMV46100000000006096          COMISION VENTAS CREDITO     
2301TERMINALES PUNTO DE VENTA             175562145                             
220074172 160606160606VAV44100000000006155          IVA COM. VENTAS DEBITO      
2301TERMINALES PUNTO DE VENTA             172161156                             
220074172 160606160606VAV03100000000006227          IVA COMISION TARJETAS       
2301TERMINALES PUNTO DE VENTA             172093250                             
220074172 160606160606VAV44100000000006280          IVA COM. VENTAS DEBITO      
2301TERMINALES PUNTO DE VENTA             172161156                             
220074172 160606160606VAV44100000000006715          IVA COM. VENTAS DEBITO      
2301TERMINALES PUNTO DE VENTA             171410802                             
220074172 160606160606OMV46100000000006735          COMISION VENTAS CREDITO     
2301TERMINALES PUNTO DE VENTA             175562145                             
220074172 160606160606VAV44100000000006854          IVA COM. VENTAS DEBITO      
2301TERMINALES PUNTO DE VENTA             176742167                             
220074172 160606160606VAV47100000000006952          IVA COM. VENTAS CREDITO     
2301TERMINALES PUNTO DE VENTA             171410802                             
220074172 160606160606VAV44100000000006958          IVA COM. VENTAS DEBITO      
2301TERMINALES PUNTO DE VENTA             171410802                             
220074172 160606160606VAV47100000000007243          IVA COM. VENTAS CREDITO     
2301TERMINALES PUNTO DE VENTA             172161156                             
220074172 160606160606VAV44100000000007390          IVA COM. VENTAS DEBITO      
2301TERMINALES PUNTO DE VENTA             176742167                             
220074172 160606160606VAV03100000000007613          IVA COMISION TARJETAS       
2301TERMINALES PUNTO DE VENTA             172161156                             
220074172 160606160606VAV47100000000008150          IVA COM. VENTAS CREDITO     
2301TERMINALES PUNTO DE VENTA             174524575                             
220074172 160606160606VAV47100000000008357          IVA COM. VENTAS CREDITO     
2301TERMINALES PUNTO DE VENTA             172093250                             
220074172 160606160606VAV47100000000008568          IVA COM. VENTAS CREDITO     
2301TERMINALES PUNTO DE VENTA             176742167                             
220074172 160606160606VAV44100000000008759          IVA COM. VENTAS DEBITO      
2301TERMINALES PUNTO DE VENTA             172093250                             
2200741002160606160606OMS39100000000009000          SERV BANCA INTERNET         
2301                                      OPS SERV BCA IN                       
220074172 160606160606VAV47100000000009006          IVA COM. VENTAS CREDITO     
2301TERMINALES PUNTO DE VENTA             172161156                             
220074172 160606160606OMV46100000000009014          COMISION VENTAS CREDITO     
2301TERMINALES PUNTO DE VENTA             176097794                             
220074172 160606160606VAV03100000000009155          IVA COMISION TARJETAS       
2301TERMINALES PUNTO DE VENTA             177865850                             
220074172 160606160606OMV43100000000009388          COMISION VENTAS DEBITO      
2301TERMINALES PUNTO DE VENTA             177865850                             
220074172 160606160606OMV43100000000009529          COMISION VENTAS DEBITO      
2301TERMINALES PUNTO DE VENTA             176097794                             
220074172 160606160606VAV44100000000009986          IVA COM. VENTAS DEBITO      
2301TERMINALES PUNTO DE VENTA             172161156                             
220074172 160606160606VAV47100000000009996          IVA COM. VENTAS CREDITO     
2301TERMINALES PUNTO DE VENTA             172093250                             
220074172 160606160606OMV43100000000010453          COMISION VENTAS DEBITO      
2301TERMINALES PUNTO DE VENTA             175415013                             
220074172 160606160606OMV43100000000010811          COMISION VENTAS DEBITO      
2301TERMINALES PUNTO DE VENTA             177865850                             
220074172 160606160606OMV46100000000011768          COMISION VENTAS CREDITO     
2301TERMINALES PUNTO DE VENTA             175415013                             
220074172 160606160606OMV46100000000011954          COMISION VENTAS CREDITO     
2301TERMINALES PUNTO DE VENTA             174660593                             
2200741002160606160606VAS40100000000012000          IVA COM SERV BCA INTERNET   
2301                                      IVA COM SERV BC                       
220074172 160606160606OMV46100000000012094          COMISION VENTAS CREDITO     
2301TERMINALES PUNTO DE VENTA             176097794                             
220074172 160606160606OMV43100000000012108          COMISION VENTAS DEBITO      
2301TERMINALES PUNTO DE VENTA             177865850                             
220074172 160606160606OMV43100000000012211          COMISION VENTAS DEBITO      
2301TERMINALES PUNTO DE VENTA             175562145                             
220074172 160606160606OMV46100000000012264          COMISION VENTAS CREDITO     
2301TERMINALES PUNTO DE VENTA             174960951                             
220074172 160606160606OMV43100000000012269          COMISION VENTAS DEBITO      
2301TERMINALES PUNTO DE VENTA             175415013                             
220074172 160606160606VAV03100000000012681          IVA COMISION TARJETAS       
2301TERMINALES PUNTO DE VENTA             172093250                             
220074172 160606160606OMV43100000000013106          COMISION VENTAS DEBITO      
2301TERMINALES PUNTO DE VENTA             174660593                             
220074172 160606160606OMV46100000000013136          COMISION VENTAS CREDITO     
2301TERMINALES PUNTO DE VENTA             177865850                             
220074172 160606160606OMV43100000000013428          COMISION VENTAS DEBITO      
2301TERMINALES PUNTO DE VENTA             174524575                             
220074172 160606160606OMV46100000000013637          COMISION VENTAS CREDITO     
2301TERMINALES PUNTO DE VENTA             174960951                             
220074172 160606160606OMV43100000000014038          COMISION VENTAS DEBITO      
2301TERMINALES PUNTO DE VENTA             174960951                             
220074172 160606160606OMV46100000000014055          COMISION VENTAS CREDITO     
2301TERMINALES PUNTO DE VENTA             174960951                             
220074172 160606160606VAV03100000000014127          IVA COMISION TARJETAS       
2301TERMINALES PUNTO DE VENTA             171410802                             
220074172 160606160606OMV46100000000015518          COMISION VENTAS CREDITO     
2301TERMINALES PUNTO DE VENTA             174412219                             
220074172 160606160606OMV43100000000015642          COMISION VENTAS DEBITO      
2301TERMINALES PUNTO DE VENTA             174412219                             
220074172 160606160606OMV43100000000015795          COMISION VENTAS DEBITO      
2301TERMINALES PUNTO DE VENTA             174960951                             
220074172 160606160606OMV43100000000016254          COMISION VENTAS DEBITO      
2301TERMINALES PUNTO DE VENTA             175415013                             
220074172 160606160606OMV43100000000017169          COMISION VENTAS DEBITO      
2301TERMINALES PUNTO DE VENTA             175562145                             
220074172 160606160606OMV43100000000017438          COMISION VENTAS DEBITO      
2301TERMINALES PUNTO DE VENTA             176097794                             
220074172 160606160606OMV46100000000017672          COMISION VENTAS CREDITO     
2301TERMINALES PUNTO DE VENTA             174412219                             
220074172 160606160606OMV46100000000017881          COMISION VENTAS CREDITO     
2301TERMINALES PUNTO DE VENTA             174660593                             
220074172 160606160606OMV43100000000018633          COMISION VENTAS DEBITO      
2301TERMINALES PUNTO DE VENTA             174660593                             
220074172 160606160606OMV43100000000019449          COMISION VENTAS DEBITO      
2301TERMINALES PUNTO DE VENTA             175562145                             
220074172 160606160606OMV46100000000019821          COMISION VENTAS CREDITO     
2301TERMINALES PUNTO DE VENTA             175415013                             
220074172 160606160606OMV46100000000020313          COMISION VENTAS CREDITO     
2301TERMINALES PUNTO DE VENTA             174524575                             
220074172 160606160606OMV46100000000021139          COMISION VENTAS CREDITO     
2301TERMINALES PUNTO DE VENTA             174976775                             
220074172 160606160606OMV43100000000021328          COMISION VENTAS DEBITO      
2301TERMINALES PUNTO DE VENTA             176742167                             
220074172 160606160606OMV43100000000022089          COMISION VENTAS DEBITO      
2301TERMINALES PUNTO DE VENTA             174960951                             
220074172 160606160606OMV46100000000022162          COMISION VENTAS CREDITO     
2301TERMINALES PUNTO DE VENTA             174976775                             
220074172 160606160606OMV43100000000022182          COMISION VENTAS DEBITO      
2301TERMINALES PUNTO DE VENTA             174976775                             
220074172 160606160606OMV43100000000022226          COMISION VENTAS DEBITO      
2301TERMINALES PUNTO DE VENTA             174660593                             
220074172 160606160606OMV43100000000022330          COMISION VENTAS DEBITO      
2301TERMINALES PUNTO DE VENTA             174412219                             
220074172 160606160606OMV46100000000022883          COMISION VENTAS CREDITO     
2301TERMINALES PUNTO DE VENTA             176097794                             
220074172 160606160606OMV46100000000023245          COMISION VENTAS CREDITO     
2301TERMINALES PUNTO DE VENTA             172093250                             
220074172 160606160606OMV46100000000024703          COMISION VENTAS CREDITO     
2301TERMINALES PUNTO DE VENTA             175415013                             
220074172 160606160606OMV46100000000024706          COMISION VENTAS CREDITO     
2301TERMINALES PUNTO DE VENTA             174412219                             
220074172 160606160606OMV46100000000025252          COMISION VENTAS CREDITO     
2301TERMINALES PUNTO DE VENTA             172161156                             
220074172 160606160606OMV43100000000026130          COMISION VENTAS DEBITO      
2301TERMINALES PUNTO DE VENTA             174976775                             
220074172 160606160606VAV03100000000026323          IVA COMISION TARJETAS       
2301TERMINALES PUNTO DE VENTA             174524575                             
220074172 160606160606OMV46100000000026409          COMISION VENTAS CREDITO     
2301TERMINALES PUNTO DE VENTA             174524575                             
220074172 160606160606OMV46100000000026711          COMISION VENTAS CREDITO     
2301TERMINALES PUNTO DE VENTA             175562145                             
220074172 160606160606VAV03100000000027150          IVA COMISION TARJETAS       
2301TERMINALES PUNTO DE VENTA             175562145                             
220074172 160606160606OMV46100000000027390          COMISION VENTAS CREDITO     
2301TERMINALES PUNTO DE VENTA             176742167                             
220074172 160606160606OMV46100000000027682          COMISION VENTAS CREDITO     
2301TERMINALES PUNTO DE VENTA             177865850                             
220074172 160606160606OMV46100000000028278          COMISION VENTAS CREDITO     
2301TERMINALES PUNTO DE VENTA             176742167                             
220074172 160606160606OMV43100000000028523          COMISION VENTAS DEBITO      
2301TERMINALES PUNTO DE VENTA             172093250                             
220074172 160606160606OMV46100000000028663          COMISION VENTAS CREDITO     
2301TERMINALES PUNTO DE VENTA             171410802                             
220074172 160606160606OMV46100000000029021          COMISION VENTAS CREDITO     
2301TERMINALES PUNTO DE VENTA             174976775                             
220074172 160606160606OMV43100000000029508          COMISION VENTAS DEBITO      
2301TERMINALES PUNTO DE VENTA             174524575                             
220074172 160606160606VAV03100000000030735          IVA COMISION TARJETAS       
2301TERMINALES PUNTO DE VENTA             171410802                             
220074172 160606160606OMV46100000000031001          COMISION VENTAS CREDITO     
2301TERMINALES PUNTO DE VENTA             177865850                             
220074172 160606160606OMV43100000000031166          COMISION VENTAS DEBITO      
2301TERMINALES PUNTO DE VENTA             174412219                             
220074172 160606160606OMV43100000000031233          COMISION VENTAS DEBITO      
2301TERMINALES PUNTO DE VENTA             171410802                             
220074172 160606160606VAV03100000000031721          IVA COMISION TARJETAS       
2301TERMINALES PUNTO DE VENTA             174524575                             
220074172 160606160606OMV43100000000031879          COMISION VENTAS DEBITO      
2301TERMINALES PUNTO DE VENTA             172093250                             
220074172 160606160606OMV43100000000032220          COMISION VENTAS DEBITO      
2301TERMINALES PUNTO DE VENTA             174976775                             
220074172 160606160606OMV46100000000036427          COMISION VENTAS CREDITO     
2301TERMINALES PUNTO DE VENTA             171410802                             
220074172 160606160606OMV43100000000036920          COMISION VENTAS DEBITO      
2301TERMINALES PUNTO DE VENTA             174524575                             
220074172 160606160606OMV43100000000038467          COMISION VENTAS DEBITO      
2301TERMINALES PUNTO DE VENTA             172161156                             
220074172 160606160606OMV02100000000038923          COMISION TARJETAS           
2301TERMINALES PUNTO DE VENTA             172093250                             
220074172 160606160606OMV43100000000039251          COMISION VENTAS DEBITO      
2301TERMINALES PUNTO DE VENTA             172161156                             
220074172 160606160606OMV43100000000041970          COMISION VENTAS DEBITO      
2301TERMINALES PUNTO DE VENTA             171410802                             
220074172 160606160606OMV43100000000042838          COMISION VENTAS DEBITO      
2301TERMINALES PUNTO DE VENTA             176742167                             
220074172 160606160606OMV46100000000043448          COMISION VENTAS CREDITO     
2301TERMINALES PUNTO DE VENTA             171410802                             
220074172 160606160606OMV43100000000043489          COMISION VENTAS DEBITO      
2301TERMINALES PUNTO DE VENTA             171410802                             
220074172 160606160606OMV46100000000045270          COMISION VENTAS CREDITO     
2301TERMINALES PUNTO DE VENTA             172161156                             
220074172 160606160606OMV43100000000046185          COMISION VENTAS DEBITO      
2301TERMINALES PUNTO DE VENTA             176742167                             
220074172 160606160606OMV02100000000047584          COMISION TARJETAS           
2301TERMINALES PUNTO DE VENTA             172161156                             
220074172 160606160606OMV46100000000050940          COMISION VENTAS CREDITO     
2301TERMINALES PUNTO DE VENTA             174524575                             
220074172 160606160606OMV46100000000052230          COMISION VENTAS CREDITO     
2301TERMINALES PUNTO DE VENTA             172093250                             
220074172 160606160606OMV46100000000053551          COMISION VENTAS CREDITO     
2301TERMINALES PUNTO DE VENTA             176742167                             
220074172 160606160606OMV43100000000054745          COMISION VENTAS DEBITO      
2301TERMINALES PUNTO DE VENTA             172093250                             
220074172 160606160606OMV46100000000056288          COMISION VENTAS CREDITO     
2301TERMINALES PUNTO DE VENTA             172161156                             
220074172 160606160606OMV02100000000057216          COMISION TARJETAS           
2301TERMINALES PUNTO DE VENTA             177865850                             
220074172 160606160606OMV43100000000062414          COMISION VENTAS DEBITO      
2301TERMINALES PUNTO DE VENTA             172161156                             
220074172 160606160606OMV46100000000062476          COMISION VENTAS CREDITO     
2301TERMINALES PUNTO DE VENTA             172093250                             
2200741002160606160606OMS39100000000066000          SERV BANCA INTERNET         
2301                                      SERV BCA INTERN                       
220074172 160606160606OMV02100000000079262          COMISION TARJETAS           
2301TERMINALES PUNTO DE VENTA             172093250                             
220074172 160606160606OMV02100000000088287          COMISION TARJETAS           
2301TERMINALES PUNTO DE VENTA             171410802                             
220074172 160606160606OMV02100000000164515          COMISION TARJETAS           
2301TERMINALES PUNTO DE VENTA             174524575                             
220074172 160606160606OMV02100000000169687          COMISION TARJETAS           
2301TERMINALES PUNTO DE VENTA             175562145                             
220074172 160606160606OMV02100000000192094          COMISION TARJETAS           
2301TERMINALES PUNTO DE VENTA             171410802                             
220074172 160606160606OMV02100000000198254          COMISION TARJETAS           
2301TERMINALES PUNTO DE VENTA             174524575                             
220074177 160606160606  W01100000000266602          TRASPASO A TERCEROS         
2301F P 34136 PROCONSA            BMRCASH REFBNTC00303909                       
220074998 16060616060631P14100000026973924          TRUPER SA DE CV             
2301REF:00000000000403900616 CIE:0735221  GUIA:3398560                          
220074177 160606160606  W01100000350000000          TRASPASO A TERCEROS         
2301INCREMENTO INV PROCONSA       BMRCASH REFBNTC00303909                       
32MEX 274550169                           00000000000000                     
3300743988044507573400256000003816054150026700000435180090200000086572251MXP
